2059 2812
368 167 408 208 x
673 144 1505 213 PROOEMIUM.

372 280 527 322 erant.
603 270 844 337 chuid
871 286 990 335 ergo
1014 270 1098 322 vel
1121 270 1250 332 fieri,
1287 275 1371 323 vel
1390 277 1561 341 omitti
1579 297 1606 331 a
1627 280 1814 332 civibus

371 349 557 401 vellent
582 349 746 415 Reges
779 348 1028 410 Romani,
1078 348 1128 398 id
1169 350 1460 419 plerumque
1500 374 1588 422 per
1621 359 1815 410 Praeco-

369 442 487 477 nem
523 427 852 494 promulgatis
892 428 936 476 E
953 444 988 477 D
1004 443 1026 477 1
1046 443 1072 476 c
1090 444 1123 477 T
1143 443 1162 477 1
1182 446 1204 478 s
1233 432 1594 497 praecipiebant.
1669 439 1815 500 Qod

369 505 607 558 facientes
649 503 937 557 MANV
971 507 1137 557 omnia
1175 509 1454 572 gubernare
1505 513 1807 568 dicebantur.

371 584 785 651 Qandoquidem
808 596 997 646 autem,
1039 586 1135 649 (uti
1165 586 1300 638 reete
1334 589 1617 643 observavit
1648 591 1816 644 Cicero

366 658 442 712 ¹ad
468 660 644 714 Famil.
675 663 788 714 Lib.
805 666 897 714 IX.
930 664 1083 729 Epist.
1105 665 1221 727 16.)
1266 666 1432 716 omnia
1460 667 1652 719 incerta
1675 668 1812 735 sunt,

368 757 518 806 quum
541 759 574 792 a
592 739 718 807 jure
748 740 1002 808 discqfflim
1031 740 1123 809 est,
1167 758 1255 792 nec
1283 746 1528 811 praes'iare
1562 745 1814 813 quisquam

366 815 539 884 potest,
559 817 702 885 quale
713 815 783 881 fit
803 817 873 879 id,
894 818 1024 886 quod
1036 818 1245 888 pqsttum
1267 818 1335 885 est
1352 819 1405 869 in
1425 821 1631 871 alterius*
1647 823 1815 873 volim-

368 903 501 955 tate‚
540 910 603 944 ne
639 894 807 945 dicam
842 894 1071 956 libidine,
1121 914 1219 947 non
1253 898 1364 947 sane
1399 897 1686 949 mirandum
1717 902 1814 963 est,

367 972 593 1024 ferocem
634 975 905 1039 populum,
957 976 1294 1041 libertatisque
1343 976 1577 1041 cupidum
1626 979 1814 1043 magis,

367 1069 517 1118 quam
539 1053 833 1119 patientem,
874 1054 1080 1105 Romulo
1109 1055 1212 1120 ipso
1244 1056 1390 1121 paulo
1422 1056 1626 1121 rigidius
1657 1058 1816 1108 domi-

366 1139 536 1189 nante,
574 1147 691 1181 mox
709 1131 904 1181 LEGEs
934 1130 1183 1196 flagitasse.
1254 1132 1385 1181 Hinc
1404 1132 1504 1196 ipse
1524 1134 1813 1184 ROMULUs

365 1205 502 1271 leges
521 1207 756 1271 quasdam
773 1208 1002 1256 Curiatas
1020 1208 1082 1255 ad
1101 1208 1343 1269 populum
1367 1208 1488 1254 tulit
1505 1224 1521 1268 3
1559 1208 1818 1272 sequentes
1905 1254 1912 1263 ,

367 1283 524 1332 etiam
544 1283 710 1347 Reges
734 1282 870 1344 leges
889 1281 1122 1344 quasdam
1146 1279 1373 1329 Curiatas
1393 1280 1453 1329 ad
1473 1283 1716 1345 populum
1736 1295 1816 1336 tu-

365 1359 472 1410 liffie
507 1359 715 1417 constat,
751 1359 805 1409 &
839 1374 1081 1408 NUMAM·
1103 1355 1306 1423 quidem
1341 1356 1702 1410 POMPILIUM
1735 1379 1815 1414 eas

365 1430 690 1504 potiffimum,
717 1453 830 1501 quae
851 1437 912 1487 ad
928 1437 1062 1487 sacra
1081 1435 1332 1502 pertinere
1350 1436 1468 1486 visae
1486 1438 1609 1487 sunt.
1651 1440 1815 1506 Leges

367 1532 492 1568 vero
527 1515 727 1580 Regum
757 1516 1103 1566 Romanorum
1138 1513 1340 1564 fuerunt
1372 1531 1565 1579 paucae,
1618 1533 1814 1584 eaeque‚

368 1592 469 1644 five
487 1593 656 1653 verba,
690 1591 792 1644 five
813 1610 923 1643 rem
944 1593 1100 1658 ipsam
1119 1592 1362 1658 respicias»,
1393 1593 1597 1658 priscam
1616 1595 1815 1662 Simpli-

368 1670 577 1721 citatem
611 1670 794 1736 ubique
823 1671 1144 1721 redoluerunt
1167 1687 1183 1732 ς
1217 1671 1277 1721 ad
1304 1670 1502 1720 confilia
1522 1681 1693 1723 tamen
1722 1676 1814 1725 rei-

367 1748 593 1815 publicae,
630 1748 680 1798 in
708 1766 804 1814 qua
831 1750 997 1799 onmia
1037 1749 1142 1798 fere
1173 1748 1233 1798 ad
1273 1748 1500 1799 bellicam
1534 1750 1814 1814 potentiam

368 1824 734 1888 referebantur,
777 1825 837 1890 (fi
864 1827 1145 1892 pauciffima
1161 1824 1347 1875 Numae
1372 1826 1595 1876 instituta
1615 1844 1813 1893 excepe-

367 1903 474 1966 ris)
517 1903 689 1957 callide
715 1905 1119 1955 accommodatae.
1195 1904 1291 1954 Hae
1320 1905 1454 1969 leges
1488 1921 1515 1952 a
1546 1903 1689 1953 Sexto
1717 1906 1811 1955 Pa-

358 1982 490 2052 pirio
515 1984 732 2035 collefi’oee
747 1982 923 2050 JURIs
944 1984 1268 2035 PAPIRIANI
1296 1998 1478 2032 nomen
1498 1995 1810 2046 acceperunt.

437 2061 654 2126 Regibus
673 2062 836 2112 LEGE
861 2063 1270 2120 TR1BUN101A‚
1308 2059 1358 2121 (i.
1377 2076 1417 2109 e.
1443 2076 1470 2108 a
1485 2056 1641 2123 Junio
1657 2056 1812 2110 Bruto

368 2146 482 2188 tum
511 2137 734 2188 Tribuno
768 2139 1004 2191 Celerum
1039 2138 1196 2200 lata)
1239 2137 1436 2198 exactis,
1477 2134 1630 2200 Leges
1665 2137 1811 2201 regiae

369 2232 471 2267 non
511 2216 720 2282 amplius
756 2227 994 2283 tanquam
1027 2217 1108 2280 jus
1140 2216 1406 2281 scriptum,
1455 2213 1537 2263 sed
1568 2223 1810 2279 tanquam

370 2309 534 2345 mores
564 2293 828 2358 majorum,
864 2295 916 2345 &
934 2293 1308 2346 consuetudines
1337 2291 1509 2359 patriae
1527 2290 1805 2356 viguerunt.

1683 2374 1811 2424 Orta
