2059 2812
832 133 1004 203 [ix]

317 303 1527 413 PROOEMIUM.

208 495 304 556 De
316 493 461 578 Jure
483 489 666 555 Civili
683 490 1098 552 Romanorum
1120 500 1259 548 ante
1271 487 1645 564 Justinz'anum,

875 617 976 650 ET

211 713 306 775 De
349 711 552 776 Libris
607 710 766 794 Juris
817 710 1030 775 Civilis
1079 709 1496 771 Romanorum
1542 731 1649 792 per

555 827 917 904 Justinianum
955 823 1304 909 compofitiS.

438 981 483 1030 O
509 980 570 1030 M
590 983 634 1029 A
671 989 778 1029 erat
797 980 1111 1029 Albanorum
1136 978 1350 1039 colonia,
1382 978 1527 1029 initio
1552 979 1653 1046 qui·

214 986 435 1164 R
473 1057 590 1107 dem
638 1073 796 1122 neque
843 1074 1050 1123 magna,
1105 1073 1266 1122 neque
1310 1057 1518 1118 nobilis·‚
1571 1057 1655 1106 sed

472 1150 578 1194 quae
603 1132 745 1182 brevi
767 1145 1014 1196 tempore,
1041 1133 1226 1197 partim
1245 1150 1426 1199 magno
1452 1133 1659 1185 advena·

215 1223 328 1257 rum
354 1203 586 1252 concursu
605 1203 665 1248 ad
688 1203 897 1264 Asylum
917 1206 1144 1262 Romuli,
1183 1208 1369 1267 partim
1389 1223 1511 1255 vero
1535 1207 1656 1257 totis

215 1280 518 1338 civitatibus,
556 1276 876 1342 gentibusque
914 1277 1156 1327 dedititiis
1187 1280 1318 1328 intra
1353 1283 1541 1331 moenia
1582 1300 1659 1334 re·

215 1359 388 1425 ceptiS,
419 1355 551 1406 haud
573 1354 823 1404 mediocre
858 1355 1047 1421 accepit
1072 1355 1456 1408 incrementum.
1531 1360 1659 1411 Haec

214 1454 344 1489 nova
360 1434 552 1485 colonia
569 1434 628 1483 ad
647 1434 930 1499 exemplum
949 1433 1157 1484 aliarum
1172 1434 1479 1486 coloniarum
1496 1453 1660 1490 mores

216 1518 268 1567 &
290 1514 581 1579 religionem
601 1511 820 1578 Majoris
839 1513 1025 1564 Patriae
1045 1514 1268 1564 retinuit.
1344 1515 1514 1575 Qum
1537 1532 1659 1582 ergo

216 1593 286 1643 illi
309 1591 455 1657 patrii
473 1605 637 1641 mores
655 1590 706 1640 in
725 1588 1017 1656 scripturam
1041 1591 1262 1641 nondum
1282 1591 1433 1642 essent
1452 1592 1658 1653 redacti,

217 1669 353 1717 Urbs
384 1668 547 1716 Roma
584 1666 726 1716 initio
744 1665 861 1732 stne
895 1667 998 1732 lege
1034 1678 1197 1728 certa,
1236 1666 1348 1732 stne
1369 1665 1494 1734 jure
1529 1680 1661 1719 certo

218 1743 358 1810 egiſj'e
384 1744 586 1805 dicitur,
622 1743 752 1810 quod
783 1761 882 1795 non
912 1745 982 1795 ita
1006 1745 1385 1811 intelligendum
1416 1746 1503 1806 est,
1543 1763 1600 1796 ac
1625 1747 1662 1799 fi

218 1823 428 1887 populus
460 1822 715 1871 Romanus
746 1823 891 1873 nullis
923 1821 1067 1888 plane
1094 1824 1301 1889 legibus,
1340 1823 1473 1874 nulla
1509 1823 1661 1874 actio-

219 1917 341 1950 num
364 1916 535 1950 norma
553 1898 637 1950 sub
651 1900 804 1951 Urbis
823 1902 1112 1952 incunabula
1131 1912 1376 1963 uteretur,
1402 1901 1485 1952 sed
1500 1902 1662 1954 sensus

221 1979 309 2039 est,
324 1978 455 2044 quod
467 1980 681 2029 Romani
698 1978 975 2045 initioJure
985 1977 1170 2046 scripto
1187 1991 1461 2029 caruerunt.
1491 1981 1661 2040 Qum

224 2073 342 2123 ergo
376 2058 426 2107 in
459 2057 588 2108 nova
620 2058 824 2110 civitate
857 2060 1110 2125 permulta
1143 2058 1433 2119 inciderent,
1471 2076 1576 2124 quae
1602 2059 1663 2109 ad

225 2133 339 2181 istos
372 2133 585 2198 antiquae
615 2134 787 2198 patriae
820 2151 984 2184 mores
1013 2135 1244 2200 componi
1275 2151 1375 2184 non
1406 2145 1663 2201 poterant,

228 2224 305 2257 res
322 2209 419 2273 ipsa
439 2204 675 2275 poposcit,
711 2222 765 2261 ut
786 2229 842 2262 ea
868 2212 1034 2262 omnia
1053 2222 1453 2278 temperarentur
1467 2213 1663 2276 Regum

230 2286 482 2348 Arbitriis,
517 2304 625 2351 quae
658 2289 988 2343 vetustiffimis
1028 2290 1321 2341 mortalibus
1352 2305 1441 2355 pro
1477 2289 1665 2353 legibus

991 2366 1020 2414 b
1513 2375 1666 2418 erant-
