2059 2812
525 153 605 203 De
638 152 1021 220 Confirmatione
1042 155 1423 223 Institutionum.
1644 184 1668 232 3

246 251 311 292 sed
328 251 377 292 ab
400 251 602 304 Imperiali
622 252 832 305 splendore
851 265 1063 307 appetere:
1096 261 1130 296 &
1154 266 1233 296 tam
1254 271 1379 308 aureS,
1409 272 1521 311 quam
1550 262 1670 304 animi

246 319 356 358 vestri
377 316 478 356 nihil
499 317 655 367 inutile,
683 318 862 370 nihilque
881 333 1090 371 perperam
1105 321 1285 372 politum,
1314 323 1381 363 sed
1396 323 1504 376 quod
1523 324 1564 363 in
1587 326 1673 379 ipfis

241 393 370 420 rerum
390 380 570 420 obtineat
591 382 847 434 argumentis,
875 383 1080 434 accipiant.
1140 386 1192 423 Et
1211 384 1321 436 quod
1340 386 1476 437 priore
1493 398 1673 440 tempore

241 444 304 484 vix
330 446 417 497 post
436 445 735 497 quadriennium
761 444 966 497 prioribus
990 447 1263 498 contingebat,
1294 457 1337 486 ut
1357 458 1451 488 tunc
1470 452 1671 491 Constitu-

236 507 367 547 tiones
383 510 664 562 Imperatorias
682 508 876 560 legerent,
908 508 983 548 hoc
1002 523 1070 549 vos
1090 524 1111 549 a
1129 510 1355 562 primordio
1376 511 1670 564 ingrediamini,

236 568 346 624 digni
380 582 492 611 tanto
521 571 688 620 honore,
728 581 915 624 tantaque
945 572 1095 624 reperti
1126 572 1337 620 felicitate,
1378 582 1421 611 ut
1448 579 1481 613 ὅ(
1511 566 1670 616 initium

236 632 362 680 vobis,
391 640 426 674 c&
445 633 530 673 finis
548 632 681 686 legum
701 632 940 673 eruditionis
960 647 980 672 a
996 647 1091 673 voce
1106 634 1322 687 Principali
1342 634 1545 687 procedat.

287 709 326 742 4.
358 696 487 748 Igitur
506 696 591 747 post
608 695 751 736 Libros
775 695 1059 749 quinquaginta
1079 697 1349 748 Digestorum,
1377 697 1442 738 seu.
1457 697 1671 739 Pandecta-

235 768 333 805 rum,
364 757 404 796 in
431 757 570 810 quibus
595 771 709 797 omne
726 758 785 810 jus
803 759 1007 810 antiquum
1024 757 1234 798 collectum
1255 760 1323 806 est,
1352 759 1460 812 quod
1482 773 1554 812 per
1575 774 1671 800 eun-

233 816 321 857 dem
342 820 480 860 Virum
509 819 701 860 excelsum
717 820 1022 869 Tribonianum,
1051 833 1121 859 nec
1142 833 1225 859 non
1249 830 1414 860 caeteros
1440 822 1549 861 viros
1579 821 1671 860 illu-

232 881 325 919 stres
344 887 378 922 ὃ(
400 879 691 921 facundiffimos
724 879 978 930 confecimus,
1007 881 1049 920 in
1067 891 1242 934 quatuor
1261 881 1407 923 Libros
1433 882 1587 922 easdem
1607 886 1671 922 In-

231 940 454 981 stitutiones
471 941 617 993 partiri
643 941 822 994 jussimus,
851 951 895 981 ut
909 940 980 982 fint
994 942 1120 982 totius
1139 941 1328 996 legitimae
1343 943 1523 985 Scientiae
1542 944 1672 997 prima

232 1002 450 1042 Elementa.

290 1078 326 1110 5.
356 1068 401 1103 In
416 1065 555 1117 quibus
570 1064 747 1104 breviter
759 1065 977 1118 expositum
992 1066 1061 1113 est,
1080 1070 1114 1107 ὃ(
1126 1062 1235 1117 quod
1250 1073 1364 1104 antea
1380 1063 1604 1112 obtinebat,
1633 1070 1668 1106 ὅ(

231 1125 341 1177 quod
362 1128 494 1178 postea
515 1126 774 1167 desuetudine
795 1126 1060 1169 inumbratum
1082 1126 1286 1181 Imperiali
1317 1127 1496 1167 remedio
1519 1126 1668 1167 illumi-

231 1196 365 1224 natum
384 1187 451 1224 est.

285 1256 322 1286 6.
398 1257 461 1284 uas
481 1258 526 1283 ex
552 1244 735 1283 omnibus
756 1247 1026 1295 Antiquorum
1043 1245 1380 1293 InstitutionibUS,
1410 1251 1444 1286 ὃ(
1468 1233 1670 1301 praecipue.

231 1322 276 1347 ex
293 1305 601 1346 Commentariis
618 1304 693 1344 Caii
710 1303 848 1351 nostri,
868 1315 947 1343 tam
962 1302 1263 1343 Institutionum
1278 1317 1396 1355 quam
1414 1317 1549 1345 rerum
1570 1321 1670 1361 quo.

229 1367 482 1415 tidianarum,
510 1364 675 1418 aliisque
702 1364 840 1404 multis
853 1363 1164 1404 Commentariis
1190 1364 1440 1418 compositas,
1476 1379 1564 1405 cum
1590 1378 1671 1409 tres

229 1431 307 1470 viri
331 1429 543 1484 prudentes
563 1427 746 1481 praeditsti
768 1428 882 1467 nobis
903 1426 1154 1475 obtulerunt,
1181 1432 1216 1468 ὅ(
1234 1427 1400 1482 legimus
1419 1432 1455 1469 ὃ(
1474 1440 1670 1484 recogno-

228 1493 368 1541 vimus,
396 1498 432 1534 &
459 1490 720 1545 pleniffimum
744 1492 968 1533 nostrarum
995 1489 1339 1532 Constitutionum
1367 1489 1573 1536 robureis
1605 1506 1668 1534 ac-

227 1554 572 1596 commodavimus.

287 1633 320 1662 7.
351 1621 506 1656 Summa
526 1613 659 1667 itaque
675 1627 753 1668 ope
770 1618 806 1654 ὅ(
825 1611 944 1653 alacri
968 1611 1096 1653 studio
1112 1612 1180 1653 has
1194 1613 1301 1668 leges
1319 1613 1470 1655 nostras
1484 1613 1669 1668 accipite,

229 1685 265 1721 ἃ
292 1676 550 1730 vosmetipsos
577 1675 626 1717 fic
654 1675 835 1716 eruditos
860 1673 1077 1724 ostendite,
1114 1685 1161 1715 ut
1189 1674 1274 1728 spes
1300 1688 1371 1715 vos
1401 1675 1668 1731 pulcherrima

254 1776 261 1782 ’
278 1784 507 1831 Digestorum]
546 1787 695 1830 Digerere
709 1784 753 1818 est
769 1783 904 1831 proprie
921 1783 1078 1818 ordinare
1092 1782 1292 1827 dividendo,
1313 1796 1384 1831 quo
1398 1782 1502 1819 verbo
1525 1783 1597 1820 usus
1620 1785 1667 1821 est

229 1836 343 1876 Cicero,
365 1846 441 1868 cum
456 1835 526 1877 egit
542 1832 585 1866 de
609 1833 682 1878 jure
703 1832 795 1866 civili
821 1829 1007 1874 tractando,
1034 1831 1076 1866 de
1089 1833 1187 1866 Orat.
1210 1844 1287 1866 cum
1304 1832 1431 1878 inquit,
1453 1833 1564 1876 Siquis
1581 1844 1667 1867 omne

223 1886 274 1925 jus
288 1883 386 1916 Civile
404 1883 561 1924 ingenera
577 1881 610 1914 D
621 1881 716 1914 IGE
728 1880 787 1914 ΚΑ
796 1878 835 1921 T,
861 1889 920 1924 quae
933 1888 1083 1924 perpauca
1096 1879 1180 1925 sunt.
1236 1881 1280 1913 Et
1305 1880 1339 1912 in
1352 1880 1665 1923 Van—Habeo,

229 1927 266 1964 (θ’
282 1929 363 1974 istius
377 1929 480 1962 Patris
497 1930 559 1970 ejus
577 1928 678 1971 accepi
696 1927 827 1968 tabulas,
852 1937 927 1971 quas
945 1924 1160 1972 diligentissim&
1177 1927 1250 1972 legi,
1277 1935 1371 1972 atque
1389 1928 1451 1961 DI
1458 1927 1561 1962 GES
1568 1928 1592 1960 S
1602 1928 1629 1960 I.

276 1974 535 2021 Pandeecarum]
571 1973 746 2009 Pandee'cae
768 1972 839 2015 mvl
862 1973 890 2004 τὸ
915 1972 965 2006 πᾶν
991 1973 1130 2017 affixam,
1167 1972 1260 2020 quod
1284 1974 1394 2008 omnis
1423 1974 1555 2018 generis
1573 1972 1664 2018 leges

231 2023 505 2070 complectantur.

279 2068 567 2114 Recognovimus]
606 2066 646 2103 Id
662 2067 718 2110 est,
747 2065 948 2111 corrigendi
967 2067 1063 2102 causa
1087 2066 1319 2112 diligenter&
1347 2067 1476 2102 attente
1496 2066 1664 2111 legimus:

231 2115 303 2151 Cic.
321 2129 381 2163 pro
398 2116 515 2150 Balbo.
535 2116 617 2162 Cap.
638 2127 666 2160 5.
704 2116 766 2149 Nos
781 2116 838 2149 Cn.
859 2115 990 2159 Pompeii
1002 2114 1164 2161 Judicium
1181 2115 1217 2150 de
1234 2115 1341 2162 consilii
1356 2116 1517 2151 Sententia
1530 2124 1663 2159 pronun-

232 2164 344 2198 ciatum
360 2164 664 2198 RECOGNOS
678 2161 874 2196 CEMVS.

280 2209 413 2244 Summa
429 2222 494 2256 ope
508 2213 543 2245 &
559 2210 660 2244 alacri
678 2207 802 2255 studio]
843 2207 1007 2263 Epilogus
1025 2208 1300 2250 exhortatorius;
1328 2219 1364 2243 ut
1382 2210 1416 2242 in
1432 2205 1582 2242 suasoriis
1602 2202 1666 2238 ufi-

234 2266 356 2298 tatum,
383 2269 400 2289 a
421 2255 474 2304 spe
491 2260 526 2292 &
541 2257 774 2303 expeecatione
794 2267 1019 2300 praemiorum.
1051 2255 1160 2290 Cic.1.
1179 2255 1222 2290 de
1236 2257 1333 2290 Orat.
1351 2256 1381 2289 8.
1410 2256 1539 2298 Pergite,
1565 2260 1599 2285 ut
1609 2250 1666 2294 sa-

234 2304 314 2345 citis,
340 2303 560 2349 Adolescentes,
584 2313 676 2348 atque
691 2304 721 2337 in
740 2304 769 2337 id
786 2302 924 2344 studium,
952 2304 982 2337 in
996 2314 1052 2347 quo
1069 2302 1145 2349 estis,
1169 2304 1341 2345 incumbite,
1365 2311 1398 2336 ut
1414 2300 1451 2335 ὅθ’
1468 2300 1540 2336 vobis
1554 2299 1666 2340 honori,

234 2348 273 2385 (ἓ
284 2351 391 2385 amicis
413 2351 554 2393 utilitati,
579 2350 617 2386 ά·
630 2350 806 2396 Reipublicae
819 2352 1016 2386 emolumento
1032 2347 1085 2394 effe
1101 2349 1221 2396 poffitis.

994 2408 1031 2446 A
1059 2418 1083 2443 2
1513 2395 1664 2446 foveat,
