2059 2812
377 151 479 212 276
768 147 1030 199 Elementa
1063 143 1209 211 Juris
1245 145 1414 199 Civilis

712 245 849 286 Καλοῖμαι
873 244 1044 283 macl-mm
1073 247 1162 288 ὑζρεως

717 294 762 326 Εἷς
791 294 830 324 γὲν
854 291 1021 336 Μουνυχῶνοι
1048 294 1131 336 μῖνος,

380 355 436 390 Sic
450 355 538 402 apud
553 356 730 389 Romanos
746 356 846 388 Αξὶοτ
863 365 957 388 reum
976 354 1179 389 conveniens
1197 352 1340 389 vocabat
1354 354 1388 388 in
1406 354 1457 402 jus
1471 353 1512 389 ad
1526 366 1615 398 eum,
1641 357 1699 404 qui
1713 355 1821 404 Jnris-

380 402 527 437 dietioni
555 400 702 447 praefuit,
728 401 769 436 ad
792 402 972 435 Praetorem
992 403 1130 447 cupiens
1155 414 1231 436 cum
1247 404 1298 435 'eo
1325 400 1523 448 disceptare,
1547 415 1585 438 ac
1600 405 1652 451 jus
1671 405 1819 450 experiri

380 449 488 485 suum.
543 449 647 496 Cujus
663 450 851 483 vocationis
870 448 919 482 hae
939 448 1091 483 solennes
1114 460 1208 484 erant
1239 448 1416 484 sormulae..
1460 451 1498 483 IN
1528 463 1588 486 1vs
1614 463 1821 487 EAMVS—

380 496 435 531 vel
463 509 506 532 IN
536 510 597 533 1vs
626 508 732 540 vem,
766 495 817 531 vel
844 508 1002 539 sEQvssne
1030 510 1077 532 Ao
1102 510 1308 538 ’[κιΒνΝΑις
1346 496 1397 530 vel
1423 508 1465 532 IN
1494 510 1550 532 1vs
1578 510 1732 534 AMBVLA.

379 544 566 579 vocationi
582 555 655 578 reus
675 557 715 578 ex
739 543 868 588 legibus
886 545 964 578 XII.
983 543 1091 578 Tabb.
1114 543 1288 579 confestim
1311 557 1424 591 parete
1448 544 1639 591 jubebatur,
1667 558 1704 579 ac
1719 546 1740 580 fi
1761 547 1820 582 de-

378 591 504 626 clinare
531 591 631 627 vellet
649 591 826 636 judicium,
852 595 888 625 δε
914 589 980 625 sese
999 593 1117 626 Actori
1140 591 1323 626 subducere
1352 591 1528 635 satageret,
1554 592 1681 626 licebat
1699 605 1821 640 repug-

378 649 514 674 nantem
544 638 683 672 obtorto
701 637 792 671 collo
823 649 939 685 rapere
968 637 1010 672 ad
1039 640 1222 673 Praetorem
1248 638 1313 672 fine
1343 639 1476 685 injuria,
1502 637 1688 675 dummodo
1704 643 1820 684 Actor,

377 696 559 733 antequam
582 698 641 720 reo
661 698 776 720 manus
803 685 972 731 injiceret,
999 684 1163 720 adstantes
1181 685 1312 720 fecisset
1341 687 1412 732 ejus
1444 688 1571 729 negotii
1591 686 1710 730 testes;
1751 700 1820 734 quo

377 742 508 780 pateret
538 746 631 768 reum
655 732 697 767 ab
715 734 828 767 actore
849 732 1023 767 nolentem
1042 734 1075 767 in
1103 732 1273 779 judicium
1297 733 1396 775 trahi,
1421 745 1488 766 non
1516 734 1739 778 contumeliae,
1763 736 1818 770 sed

375 779 524 828 suijuris
542 778 741 828 experiundi
756 779 861 814 causti.
916 780 1033 815 Testes
1060 790 1174 815 autem
1196 793 1271 815 cum
1294 779 1418 815 faceret
1435 792 1493 814 eos
1511 781 1557 814 ita
1576 782 1815 826 interrogabat.

375 830 497 864 LICET
524 840 723 863 ANTESTARI
739 832 752 861 ?
781 831 830 862 Ac
847 826 868 862 si
889 839 947 874 per
963 840 1020 862 eos
1038 827 1170 871 liceret,
1194 827 1342 863 admotis
1360 828 1480 872 digitis
1503 830 1606 862 imam
1622 829 1669 863 eis
1683 829 1819 864 vellica-

376 875 434 910 bat
450 876 638 912 auriculam
663 875 796 922 adjedto
813 873 915 909 verbo
941 887 1137 918 MEMENTO,
1163 876 1216 911 vel
1244 888 1380 911 MEMOR
1406 888 1504 918 asro,
1534 878 1638 910 Aures
1655 877 1744 911 enim
1763 889 1820 912 ve-

375 932 462 957 teres
481 922 611 970 Phyfici
631 923 801 957 memoriae
831 922 999 965 dicarunt,
1027 934 1064 957 ut
1081 923 1161 957 alias
1186 934 1295 971 partes
1315 925 1467 970 corporis
1495 921 1567 957 aliis
1589 922 1818 967 facultatibus,

373 970 477 1006 veluti
496 972 659 1006 Dextram
675 969 787 1013 Fidei,
813 971 931 1005 Genua
945 968 1190 1005 Misericordiae
1206 972 1457 1006 &c.—--l-linc
1472 972 1568 1015 Virg.
1590 973 1624 1006 in
1641 971 1759 1006 Bucol.

1072 1026 1214 1073 Cynthius
1240 1026 1434 1062 AVREM

709 1072 890 1114 VELLIT,
917 1072 955 1107 (ἐν
978 1073 1142 1107 admonuit.

372 1137 465 1172 Hinc
482 1135 616 1172 festivus
635 1136 706 1180 ille,
734 1140 771 1171 δε
799 1135 952 1180 vulgatus
969 1136 1107 1170 Horatii
1130 1135 1223 1170 locus
1242 1135 1284 1170 ad
1314 1137 1489 1171 Romanos
1506 1148 1614 1171 mores
1632 1137 1817 1183 pertinens,

372 1184 470 1233 supra
489 1187 624 1228 citatus,
646 1185 714 1219 Sat.
738 1181 817 1217 Lib.
836 1185 862 1216 Ι.
884 1195 915 1223 9.
945 1186 982 1218 &
1002 1183 1114 1217 Plauti
1130 1183 1164 1216 in
1181 1182 1316 1217 Curcul.
1337 1195 1365 1217 v.
1384 1196 1417 1218 2.

707 1257 762 1279 PH.
791 1244 992 1279 AMBVLA
1016 1245 1078 1280 IN
1098 1246 1180 1280 IVS.
1235 1257 1276 1278 M.
1305 1246 1373 1280 Non
1399 1257 1443 1280 eo,

711 1305 766 1327 PH.
793 1292 965 1327 LICET
985 1292 1311 1327 ANTESTARI?
1364 1303 1407 1326 M.
1436 1292 1503 1326 Non
1528 1291 1614 1326 licet.

707 1352 763 1375 ΡΗ.
784 1338 911 1386 Jupiter
935 1348 965 1373 te
991 1337 1070 1374 mal&
1090 1340 1223 1384 perdat,
1249 1338 1408 1387 Intestatus
1433 1340 1537 1375 vivito.

369 1401 556 1439 Antestatio
582 1411 663 1437 vero
680 1400 751 1448 ipsa
779 1413 848 1435 non
879 1411 952 1434 erat
981 1400 1166 1435 testimonii
1196 1399 1319 1442 dietio,
1346 1398 1401 1435 sed
1422 1400 1482 1446 qui
1504 1398 1730 1434 antestabatur
1753 1397 1816 1434 ali-

369 1463 486 1498 quem,
516 1461 590 1483 cum
605 1448 665 1483 fibi
681 1449 797 1483 testem
812 1447 1012 1490 destinabat,
1038 1452 1073 1484 &
1091 1447 1150 1482 nisi
1170 1446 1392 1492 responderet
1408 1447 1468 1481 ille
1484 1447 1543 1494 qui
1565 1447 1654 1482 testis
1670 1444 1815 1482 destina-

368 1497 468 1533 batur
493 1507 627 1539 LICET,
665 1497 810 1531 invitum
840 1508 909 1530 non
933 1495 1059 1531 licebat
1084 1495 1200 1530 testem
1219 1493 1344 1531 facere.
1395 1494 1469 1538 Qli
1488 1506 1568 1529 vero
1586 1494 1814 1529 testimonium

367 1558 436 1580 non
454 1543 602 1586 dicebat,
627 1544 801 1590 postquam
819 1542 852 1577 se
871 1544 986 1577 testem
1005 1543 1094 1586 fieri,
1119 1542 1183 1577 five
1203 1543 1360 1577 antestari
1386 1541 1494 1587 passus
1509 1541 1600 1584 esset,
1626 1553 1815 1576 τεετιΜο-

368 1605 468 1629 va
494 1603 683 1627 nervosae
709 1590 899 1625 dicebatur.
952 1592 1037 1624 Non
1054 1591 1144 1624 enirn
1162 1590 1389 1622 testimonium
1409 1586 1556 1631 defugit,
1580 1589 1639 1634 qui
1658 1599 1724 1622 non
1740 1588 1814 1622 vult

367 1638 458 1674 testis
484 1638 571 1681 fieri,
597 1649 659 1672 nec
675 1635 708 1670 se
722 1635 801 1671 finit
825 1635 978 1670 antestari
994 1652 1004 1677 ;
1031 1635 1086 1670 sed
1106 1636 1166 1682 qui
1184 1635 1414 1669 testimonium
1429 1637 1463 1669 in
1478 1633 1611 1681 judicio
1626 1634 1740 1669 dicere
1761 1646 1815 1670 re-

364 1684 469 1729 cusat,
497 1685 671 1732 postquam
686 1683 718 1717 se
735 1683 852 1718 testem
867 1682 956 1725 fieti,
975 1681 1137 1730 permisit.
1190 1683 1247 1717 Sic
1263 1683 1353 1716 enim
1367 1681 1527 1718 Desertor
1542 1682 1588 1717 est
1597 1681 1812 1726 Testimonii,

364 1733 460 1783 quod
478 1733 587 1768 Graeci
605 1731 829 1773 Λειπυμοίρνυαον
843 1728 1020 1765 vocabant.

413 1783 465 1816 Ita
490 1791 679 1816 DEFVGERE
707 1789 995 1814 ΑνατοΜτΑ-ΓΕΜ
1021 1775 1221 1820 dicebatur,
1260 1790 1327 1811 non
1358 1778 1387 1811 is
1418 1777 1477 1823 qui
1514 1777 1627 1824 primo
1656 1775 1813 1813 noluisset

364 1828 494 1864 Auecor
519 1827 608 1869 fieri,
634 1824 692 1861 sed
710 1827 772 1873 qui
791 1826 917 1860 Λιιᾶοτ
932 1823 1039 1860 faetus
1066 1824 1179 1872 postea
1202 1824 1354 1860 mutabat
1368 1825 1589 1869 Sententiam,
1616 1828 1653 1860 &
1672 1824 1811 1860 nolebat

363 1875 510 1922 amplius
524 1875 652 1909 Austor
673 1872 752 1918 effe,
778 1883 816 1909 ut
835 1871 926 1920 apud
938 1873 1081 1907 Terent.
1103 1874 1188 1907 Eun.
1211 1875 1256 1907 11.
1275 1886 1307 1920 3.

987 1926 1098 1975 Jubw,
1123 1939 1203 1972 cogo,
1230 1937 1322 1972 atque
1339 1930 1458 1974 impero,

700 1976 863 2022 Nunquam
888 1975 1137 2012 DEFVGIAM
1163 1975 1368 2012 AVCTORI
1377 1978 1434 2012 TA
1443 1975 1691 2011 TEM—

364 2024 420 2060 Sic
434 2023 540 2060 Plaut.

696 2069 856 2115 Suspende,
879 2072 971 2114 vinci,
997 2072 1141 2112 verbera3
1170 2074 1271 2105 austor
1282 2070 1364 2115 sum,
1381 2069 1456 2117 fine.

624 2144 665 2167 M.
694 2132 728 2165 Si
753 2133 825 2167 AV
825 2130 963 2167 CTORI
970 2130 1028 2167 TA
1038 2130 1141 2166 TEM
1162 2131 1258 2176 postea
1284 2131 1555 2174 DEFVGERIS,

693 2180 761 2215 Ubi
785 2179 948 2224 Diſjblutus
973 2189 1007 2214 tu
1025 2179 1096 2225 fies,
1124 2190 1176 2224 ego
1197 2180 1356 2224 pendeam.

361 2246 406 2279 Et
424 2243 498 2280 Cic.
519 2256 580 2292 pro
597 2245 699 2292 Sylla:
837 2247 947 2290 Itaque
968 2244 1091 2279 attende
1101 2245 1183 2286 jam,
1207 2243 1373 2291 Torquate,
1395 2256 1485 2291 quam
1506 2255 1558 2291 ego
1576 2255 1630 2280 non
1655 2243 1727 2280 DE
1738 2245 1763 2280 F
1767 2243 1806 2280 V-

359 2292 496 2329 GIAM
520 2292 899 2332 AVCTORITATEM
924 2291 1087 2338 consulatm
1112 2294 1181 2327 mei.

1646 2399 1808 2452 va
