2059 2812
385 153 489 218 236
785 148 1048 200 Elementa
1083 145 1231 214 Juris
1267 148 1439 201 Civilis

388 252 526 296 rogabat,
554 259 586 286 ut
596 248 632 295 se
648 249 689 284 ad
706 249 864 283 Pretorem
874 246 1063 293 sequeretur.
1115 247 1151 282 Si
1171 246 1266 295 sequi
1282 248 1403 294 nollet,
1428 261 1470 284 ex
1483 247 1617 295 legibus
1631 261 1705 285 x11.
1723 249 1842 285 Tabu-

390 296 496 333 larum
512 297 651 333 obtorto
667 294 759 330 collo
776 308 855 330 eum
875 296 910 329 in
923 293 1092 342 judicium
1112 306 1230 343 rapere
1268 305 1391 340 metat,
1417 297 1441 332 fi
1456 308 1553 333 antea
1569 297 1766 350 praesentem
1781 298 1844 333 ali-

393 357 496 391 quem
526 343 692 390 antestatus
722 341 803 388 effet,
827 343 893 377 hoc
912 343 968 386 est,
994 342 1092 389 testem
1110 308 1289 388 advocaffgss
1316 343 1408 391 quod
1433 343 1540 379 fiebat
1562 347 1649 381 tacta
1667 346 1738 392 ejus
1756 347 1844 380 auri-

393 395 475 435 cula,
503 393 584 439 quia
607 392 670 426 ima
690 395 768 426 aurit
795 392 971 427 memoriae
1000 389 1093 425 sedes
1124 389 1319 426 habebatur.
1376 391 1469 426 Hinc
1492 394 1611 428 Horat.
1639 393 1786 429 Serm.1.
1807 405 1839 434 9.

393 453 422 474 v.
446 452 462 479 7
473 453 502 484 5.

1073 485 1153 532 Casu
1172 489 1255 522 venit
1272 488 1371 521 obvius
1389 488 1431 521 illi

729 535 953 581 Adversarius:
981 534 1030 579 ἄν,
1049 548 1104 580 quo
1124 535 1170 567 Tu
1191 535 1378 580 turpissime?
1407 547 1519 580 magna

730 585 899 618 Adclamat
918 595 1008 623 voce;
1034 581 1072 617 ά
1093 584 1237 617 LICET
1257 581 1565 618 ANTESTARI?
1593 585 1658 629 Ego
1675 597 1743 619 vero

726 634 846 675 Oppono
866 631 935 665 AV
938 631 994 665 RI
999 632 1027 664 C
1034 630 1065 665 V
1064 631 1129 665 LA
1139 630 1190 663 M.
1220 632 1302 675 rapit
1318 631 1349 663 in
1366 632 1431 672 jus:
1458 632 1571 665 clamor
1588 634 1742 677 utrinque,

727 678 873 722 ‘Undique
890 677 1045 722 concursus.

391 739 457 773 Sed
478 739 588 786 postea
606 739 721 774 εάἰᾶο
743 741 900 775 Praetoris
922 751 1055 775 cautum
1077 739 1156 783 fuit,
1180 751 1214 774 ut
1238 740 1261 775 st
1285 742 1361 788 quis
1380 742 1413 775 in
1442 741 1494 788 jus
1512 751 1648 777 vocatus
1673 755 1741 777 non
1760 744 1837 786 iret,

387 785 563 822 satisdaret
586 786 674 831 fore,
698 799 734 821 ut
751 786 785 822 se
803 789 836 821 in
851 789 926 834 jure
941 787 1074 823 sisteret.
1128 790 1161 822 Si
1181 800 1255 823 reus
1265 789 1358 834 satis,
1387 788 1440 823 vel
1458 799 1583 825 cautum
1598 802 1665 824 non
1679 790 1837 833 dedisset,

388 836 460 881 poll:
476 836 731 870 antestatIOnem
746 836 779 869 in
795 836 848 881 jus
862 835 1050 870 ducebatur
1066 835 1107 870 ad
1123 837 1303 870 Praetorem
1322 853 1331 878 3
1354 835 1507 883 alioquin
1522 838 1555 871 in
1569 849 1752 880 carcerem,
1777 838 1836 872 ubi

387 882 573 918 lervaretur
591 884 624 917 in
648 881 842 929 sequentem
860 883 1093 932 postulationis
1120 883 1213 917 diem
1234 886 1267 917 in
1289 884 1364 930 jure
1381 883 1511 918 fistendi
1530 883 1635 919 causa.
1689 884 1795 930 Qod
1814 884 1838 919 fi

389 932 464 975 quis
486 929 584 965 domi
611 929 673 964 suae
701 930 863 974 latitaret,
891 931 1067 965 extrahere
1082 930 1223 978 quidem
1240 943 1317 965 eum
1336 930 1416 965 inde
1435 943 1501 965 non
1518 931 1654 975 licebat,
1681 935 1762 978 quia
1781 931 1836 966 sua

387 977 510 1013 domus
529 978 726 1012 tutiffimnm
755 980 878 1026 cuique
904 977 1073 1022 refugium
1093 988 1196 1025 atque
1223 979 1470 1025 receptaculum
1490 979 1533 1012 est
1552 995 1563 1020 ;
1590 991 1704 1014 verum
1723 978 1837 1014 edicto

387 1027 559 1068 Praetoris,
586 1024 680 1072 quod
704 1025 746 1060 ad
765 1024 849 1060 aedes
878 1027 925 1059 rei
953 1038 1029 1060 cum
1054 1026 1232 1060 testatione
1259 1025 1469 1069 affigebatur,
1496 1029 1603 1060 citatm
1621 1028 1711 1068 fuit;
1751 1030 1788 1062 δε
1812 1025 1838 1060 fi

387 1076 496 1108 tertiae
513 1074 682 1115 citationi,
706 1072 856 1119 (fiebant
872 1085 952 1107 vero
975 1074 1157 1108 citationes
1180 1072 1298 1107 decem
1317 1072 1436 1107 diebus
1454 1075 1543 1107 inter
1561 1072 1700 1117 lingulas
1728 1075 1838 1109 inter-

388 1120 527 1168 positis)
550 1132 623 1156 reus
639 1133 704 1154 non
724 1120 896 1168 paruiffet,
923 1121 1081 1155 Praetoris
1100 1120 1242 1154 decreto
1267 1119 1354 1155 bona
1370 1121 1441 1166 ejus
1459 1119 1626 1167 poffideri,
1652 1121 1833 1168 proscribi,

385 1179 488 1215 atque
501 1167 637 1203 distrahi
653 1168 869 1214 jubebantur.
921 1168 956 1201 Si
977 1179 1051 1202 reus
1075 1169 1107 1202 in
1123 1167 1289 1212 judicium
1305 1168 1456 1209 venisset,
1484 1169 1588 1202 Aaor
1605 1170 1712 1203 edehat
1728 1170 1834 1203 Atrio-

385 1228 465 1257 nem,
491 1216 558 1249 hoc
583 1215 639 1258 cst,
666 1217 853 1257 declarabat,
880 1227 940 1260 qua
967 1217 1082 1249 afflone
1099 1217 1157 1257 uti,
1181 1213 1218 1249 (θ’
1237 1226 1296 1260 qua
1321 1228 1359 1249 ex
1388 1214 1477 1260 causa
1503 1226 1593 1259 agere
1609 1217 1717 1256 vellet3
1755 1227 1834 1250 nam

384 1261 470 1310 saepe
485 1263 594 1310 plures
610 1264 760 1296 actiones
778 1264 813 1296 in
833 1274 930 1297 unam
948 1261 1077 1297 causam
1100 1261 1356 1296 concurrebant.
1409 1263 1503 1296 Tum
1523 1263 1624 1296 Aeror
1650 1275 1668 1296 a
1688 1264 1835 1298 Praetore

384 1313 542 1355 antonem,
567 1309 631 1345 five
644 1312 794 1353 judicium
807 1310 986 1356 fistulatim,
1015 1310 1078 1343 hoc
1102 1310 1160 1352 est,
1180 1311 1303 1355 petebat
1331 1319 1364 1344 ut
1372 1309 1428 1356 fibi
1449 1311 1479 1343 in
1496 1309 1701 1353 adversarium
1727 1312 1834 1345 liceret

384 1360 564 1400 intendam
606 1371 680 1393 rcus
702 1369 783 1393 vero
797 1358 966 1404 postulabat
991 1359 1183 1393 advocatum.
1234 1357 1296 1391 His
1320 1357 1506 1403 impetratis
1529 1356 1634 1392 Actor
1655 1366 1747 1392 certa
1762 1356 1833 1393 for-

384 1405 473 1441 mula
500 1408 593 1442 vades
605 1408 741 1451 petebat,
767 1404 838 1440 fore
857 1415 894 1439 ut
911 1416 986 1439 reus
1008 1415 1105 1439 certo
1128 1404 1199 1446 die,
1223 1405 1300 1451 (qui
1320 1404 1517 1452 plerumque
1536 1406 1717 1449 perendinus
1742 1406 1833 1451 erat)

383 1452 560 1501 lejudicio
578 1453 727 1495 sisteret,
755 1453 849 1500 isque
867 1464 960 1486 reum
975 1453 1083 1488 vadari
1097 1451 1276 1487 dicebatur
1291 1468 1301 1492 3
1330 1464 1402 1486 reus
1417 1462 1533 1486 contra
1548 1451 1725 1487 dicebatur
1742 1453 1830 1489 vadi-

381 1504 513 1536 monium
525 1503 719 1546 promittere:
747 1505 784 1536 &
803 1499 825 1535 fi
841 1512 910 1534 non
928 1499 1069 1543 adesset,
1095 1501 1306 1536 Vadimonium
1324 1499 1466 1546 deserere.
1517 1500 1639 1533 Tertio
1657 1499 1737 1534 inde
1754 1499 1825 1544 die,

383 1548 444 1583 nifi
463 1550 647 1595 tranfizeium
665 1548 744 1592 esset,
764 1551 890 1583 Praetor
906 1546 1096 1590 litigatores
1114 1548 1214 1580 citari
1229 1546 1382 1593 jubebat.
1411 1545 1571 1580 Solebant
1589 1556 1703 1582 tamen
1722 1549 1829 1584 etiam

382 1608 459 1630 reus
479 1600 515 1631 δε
541 1597 643 1630 Actor
659 1607 903 1642 nonnunquam
922 1594 1083 1641 transigere
1103 1595 1136 1628 in
1163 1594 1230 1636 via,
1256 1598 1293 1629 &
1319 1604 1400 1629 tunc
1418 1604 1557 1641 quoque
1574 1593 1828 1639 dimittebatur,

381 1645 441 1690 qui
465 1644 499 1676 in
528 1643 582 1689 jus
600 1652 739 1678 vocatus
763 1641 884 1677 fuerat.
975 1643 1016 1675 Et
1035 1641 1113 1675 hinc
1139 1639 1252 1676 lucem
1271 1643 1408 1688 capiunt
1432 1639 1491 1675 illa
1511 1641 1691 1676 Salvatoris
1715 1641 1827 1686 verba,

379 1690 508 1725 Matth.
527 1693 569 1725 V,
587 1689 791 1735 25.———-’'I=S¹
815 1688 901 1722 ἳῧνοόν
922 1689 962 1731 τῶ
980 1688 1104 1728 &melino
1120 1702 1151 1720 σε
1179 1688 1262 1731 wat),
1288 1688 1336 1720 ’ἕως
1362 1688 1409 1721 ’ὅτε
1435 1683 1455 1718 ἕ
1482 1689 1509 1719 ἐν
1530 1689 1562 1720 τῆ
1585 1688 1636 1728 ὃὲῳ
1664 1690 1727 1728 μετ’
1745 1690 1826 1723 adeg-

379 1737 481 1779 μίτπυτέ
498 1750 526 1770 π
545 1732 659 1780 ὦὶςιέᾧ
684 1737 853 1776 fiir-iim&
867 1737 906 1776 τῷ
922 1736 1012 1777 nec-157,
1041 1736 1066 1780 »ᾖ
1090 1736 1202 1770 ‘incurii‘
1225 1748 1253 1767 π
1277 1729 1386 1779 Qui&
1402 1736 1437 1766 πῖ
1452 1735 1582 1778 <arripi-tp,
1605 1735 1629 1780 ις)
1655 1737 1691 1767 εἷς
1715 1738 1827 1776 annuntie

378 1786 502 1825 βληθήσῃ.
597 1783 725 1819 Confer
742 1786 825 1819 Luc.
843 1786 921 1819 XII.
944 1784 1258 1829 58.—Litigat0r
1287 1795 1368 1818 vero
1396 1785 1456 1831 qui
1490 1796 1555 1817 non
1588 1784 1716 1827 aderat,
1741 1784 1825 1829 (nifi

379 1833 470 1879 causa
487 1832 604 1878 fimtica
622 1831 734 1869 fuiffet
751 1831 967 1881 impeditus,)
991 1831 1086 1867 causa
1111 1830 1263 1866 cadebat.
1317 1832 1408 1866 Hinc
1428 1834 1551 1867 Horat.
1569 1831 1720 1866 Sermon.
1741 1834 1768 1866 Ι.
1788 1845 1824 1874 9,

380 1895 410 1917 v.
435 1894 491 1927 35.

710 1931 836 1965 Ventum
853 1937 919 1963 erat
937 1930 977 1963 ad
993 1928 1089 1975 Vesta,
1116 1937 1228 1974 quarta
1239 1929 1308 1970 jam
1322 1936 1410 1973 parte
1427 1927 1489 1961 diei

714 1975 886 2019 Primam,
913 1974 950 2011 (θ’
968 1977 1039 2019 casu
1057 1987 1129 2010 tunc
1147 1976 1312 2022 respondere
1337 1975 1548 2011 VADATVS

715 2024 872 2058 Debebat:
898 2025 973 2068 quod
989 2026 1021 2059 ni
1031 2023 1148 2069 fecisset
1167 2024 1383 2059 PERDERE
1409 2024 1458 2058 LI
1461 2021 1574 2058 TEM.

377 2088 413 2123 Si
433 2096 577 2134 uterque
592 2084 731 2128 adesset,
754 2085 910 2119 Anionem
927 2084 1015 2119 suam
1035 2086 1138 2120 Actor
1156 2085 1330 2119 intendebat
1344 2093 1434 2118 certa
1449 2079 1586 2128 formuld
1600 2090 1820 2127 conceptam;

376 2134 510 2178 fingulae
536 2135 629 2169 enim
655 2134 826 2168 aerionurn
851 2133 1057 2167 intentiones
1090 2133 1233 2179 propriis
1251 2130 1317 2167 suis
1339 2130 1495 2164 formulis
1513 2138 1607 2163 erant
1631 2129 1775 2172 inclusae‚
1803 2143 1822 2163 a

377 2182 499 2229 quibus
526 2193 586 2215 nec
602 2180 707 2215 latum
731 2191 874 2223 unguem
894 2178 1051 2213 recedere
1080 2179 1216 2221 licebat,
1244 2191 1305 2212 nec
1323 2178 1373 2212 vel
1394 2190 1461 2211 uno
1484 2188 1635 2218 numn]0‚
1668 2176 1821 2225 exempli

375 2231 484 2274 gratia
501 2228 570 2276 plus
586 2238 713 2274 petere,
740 2226 860 2273 easque
875 2225 1094 2272 composuisse
1110 2225 1287 2260 dicebatur
1303 2228 1358 2260 Cn.
1377 2227 1508 2266 Flavius,
1533 2223 1647 2258 Scriba
1663 2225 1820 2270 primum,

376 2289 456 2312 mox
472 2275 596 2312 AEdilis
609 2275 760 2318 Curulis,
784 2273 840 2310 sed
859 2286 911 2308 eas
934 2273 1097 2308 formulas
1116 2273 1297 2320 prudenter
1324 2272 1454 2307 sustulit
1474 2273 1662 2316 Imperator
1676 2271 1820 2314 Constan-

374 2328 467 2359 tinus.
520 2324 696 2369 Concepta
714 2323 864 2357 Aetionis
880 2322 1072 2356 intentione
1088 2323 1189 2355 Actor
1203 2320 1375 2367 Judict'mn,
1402 2318 1467 2354 five
1477 2318 1636 2366 Judicem
1655 2320 1690 2352 in
1708 2330 1780 2352 eam
1801 2329 1818 2350 a

374 2374 520 2409 Praetore
542 2369 752 2418 postulabat5
778 2368 801 2405 fi
816 2369 988 2417 Judiccm5
1022 2379 1080 2404 aut
1097 2381 1174 2404 eum
1190 2370 1247 2416 qui
1266 2367 1400 2415 proprie
1418 2366 1520 2414 Judex
1535 2365 1659 2447 dictu}
1676 2366 1734 2447 lest,
1761 2375 1819 2399 aut

1661 2425 1675 2447 r
1694 2423 1786 2447 nrum
1802 2428 1814 2455 5
