2059 2812
429 165 497 214 80
678 229 680 231 ¹
822 157 1084 207 Elementa
1119 153 1267 221 Juris
1302 154 1470 207 Civilis

428 258 486 296 ita
510 266 555 296 ut
582 270 664 297 non
694 254 817 308 magis
844 253 893 293 ad
926 253 1032 293 hunc
1056 266 1174 306 quam
1200 253 1250 292 ad
1277 253 1449 293 alterum
1480 253 1744 307 pertinerent.
1803 256 1864 292 Ita

426 330 572 369 tamen,
599 329 643 358 ut
660 318 708 358 fic
727 318 831 358 circa
855 330 917 358 eas
934 317 1195 371 disponerent
1217 315 1413 365 homines,
1439 329 1562 370 prout
1581 317 1763 359 conditio
1789 314 1865 354 hu-

426 383 531 423 mani
551 382 723 435 generiS,
751 387 786 423 ὅ(
803 382 910 421 ratio
929 382 1033 433 pacis
1051 395 1094 422 ac
1112 379 1431 434 tranquillitatis,
1457 381 1629 434 bonique
1652 379 1805 421 ordinis
1823 378 1865 417 in

425 447 568 487 eodem
600 446 861 488 conservandi
890 446 1098 485 videretur
1128 446 1302 498 exigere.
1359 443 1457 484 Inde
1483 459 1569 485 cum
1599 444 1728 485 adhuc
1758 443 1867 482 intra

426 524 570 565 paucos
591 524 713 566 genus
733 510 963 550 mortalium
982 507 1212 558 subsisteret,
1241 508 1393 561 placuit
1416 519 1461 548 ut
1479 508 1547 548 illa
1565 509 1725 562 quidem
1742 505 1868 562 cujus-

427 589 505 628 que
524 576 683 625 fierent,
710 590 781 616 nec
808 575 857 615 ab
885 576 1014 613 altero
1033 572 1102 625 ipfi
1131 572 1236 624 eripi
1268 570 1475 622 deberent,
1503 586 1590 625 quae
1617 573 1702 625 quis
1727 572 1866 625 adpre-

425 638 623 679 hendiffet
642 640 715 679 hac
736 638 976 685 intentione,
1006 648 1051 676 ut
1074 636 1208 677 eadem
1230 635 1281 676 ad
1294 635 1381 676 usus
1397 636 1485 677 suos
1508 635 1753 689 adplicaret3
1785 635 1868 688 ipsa

425 712 558 742 tamen
577 715 751 756 corpora
771 716 817 741 ex
833 701 972 754 quibus
990 701 1069 741 illae
1090 713 1151 740 res
1164 701 1440 753 provenirent,
1468 702 1510 740 in
1529 700 1663 744 medio
1678 700 1727 740 ad
1742 701 1867 740 nemi-

425 776 516 802 nem
543 763 800 816 peculiariter
825 762 1044 815 spedtantia
1067 772 1286 803 manerent.
1343 762 1417 802 Sed
1435 763 1568 814 postea
1593 762 1868 816 multiplicatis

428 824 683 876 hominibus,
719 832 754 867 ἃ
773 825 900 865 varias
920 836 1023 865 artes
1050 826 1340 874 exercentibus,
1375 824 1425 864 ad
1443 825 1648 865 evitandas
1666 825 1792 873 rian,
1830 829 1865 864 ὅ(

426 886 576 929 bonum
597 889 781 928 ordinem
800 889 1149 937 introducendum,
1191 889 1274 942 ipsa
1292 903 1450 942 quoque
1468 902 1640 942 corpora
1658 900 1790 928 rerum
1811 887 1866 924 in-

425 960 490 990 ter
509 951 689 991 homines
716 951 855 1001 divisa,
893 958 927 994 ὅ(
947 953 1114 994 cuilibet
1142 952 1207 993 sua
1233 952 1373 1006 portio
1400 952 1596 1006 affignata,
1636 951 1710 992 hac
1729 949 1866 990 addit&

426 1016 716 1065 conventione,
761 1026 805 1055 ut
824 1030 914 1069 quae
938 1017 979 1056 in
1007 1018 1135 1070 prima
1153 1030 1285 1057 rerum
1305 1017 1499 1057 divifione
1517 1017 1557 1055 in
1576 1015 1712 1056 medio
1731 1014 1868 1054 forent

427 1077 581 1125 reneca,
610 1077 798 1131 deinceps
817 1080 897 1132 ejus
914 1079 1071 1131 possent
1089 1079 1193 1128 fieri,
1223 1078 1291 1132 qui
1310 1078 1460 1132 primus
1478 1078 1615 1118 eadem
1634 1077 1702 1116 fibi
1722 1077 1867 1116 afferu-

424 1139 526 1180 iffet.
575 1142 638 1182 Sic
659 1141 786 1195 igitur
806 1142 960 1195 praevio
977 1142 1169 1183 consensu
1190 1143 1406 1189 hominum,
1435 1143 1629 1193 pactoque
1650 1140 1788 1180 saltem
1807 1150 1867 1178 ta-

425 1202 509 1243 cito
524 1205 737 1257 Proprietas·
754 1217 889 1251 rerum,
916 1204 992 1242 five
1014 1203 1222 1242 Dominium
1242 1201 1324 1242 fuit
1343 1202 1630 1242 introducitum.

486 1280 502 1303 1
514 1280 528 1303 1
540 1296 548 1305 .
579 1266 817 1306 Dominium
836 1267 891 1306 est
902 1266 1066 1319 plenum,
1094 1280 1180 1307 cum
1199 1266 1284 1318 quis
1301 1269 1336 1306 ὅ(
1355 1266 1647 1318 proprietatem
1665 1270 1698 1306 ὅ(
1717 1265 1867 1306 utilita-

425 1339 508 1369 tem
527 1328 585 1368 rei
619 1328 767 1378 habet3
805 1329 868 1367 vel
897 1329 1016 1367 minus·
1033 1329 1196 1383 plenum,
1225 1342 1316 1368 cum
1337 1328 1426 1380 quis
1451 1328 1689 1368 alterutram
1709 1338 1864 1368 tantum

425 1391 558 1431 habet.
615 1393 670 1429 Et
686 1390 766 1430 hoc
785 1391 840 1430 est
855 1390 920 1430 vel
933 1390 1117 1440 dz‘reblum,
1145 1405 1231 1432 cum
1251 1390 1338 1444 quis
1355 1391 1645 1443 proprietatem
1664 1390 1741 1431 fine
1760 1392 1868 1430 utili-

424 1464 508 1494 tate
536 1453 672 1502 habet,
708 1463 754 1493 ut
781 1454 980 1493 Dominus
998 1454 1145 1502 Feudi,
1172 1452 1513 1506 Emphyteuseos:
1558 1454 1621 1493 vel
1646 1455 1752 1503 utile,
1778 1469 1867 1495 cum

425 1516 510 1569 quis
529 1516 748 1556 utilitatem
763 1515 841 1556 fine
859 1517 1109 1569 proprietate
1124 1515 1258 1564 habet,
1287 1525 1333 1554 ut
1348 1515 1535 1565 Vasallus,
1553 1515 1840 1569 Emphyteuta.

481 1594 545 1619 12.
575 1580 815 1619 Dominium
831 1580 951 1619 etiam
966 1580 1118 1620 dicitur
1133 1579 1209 1619 effe
1229 1579 1402 1628 eminens,
1431 1580 1541 1632 quod
1557 1579 1597 1618 in
1614 1593 1663 1618 eo
1683 1580 1869 1631 consistit,

425 1652 472 1682 ut
486 1653 654 1696 urgente
671 1644 925 1697 Reipublicae
940 1645 1160 1686 neceffitate
1175 1644 1280 1684 bona
1291 1644 1451 1683 Subditi
1467 1643 1697 1697 cujuspiam,
1724 1646 1868 1699 quibus

424 1706 594 1760 praesens
612 1716 768 1759 tempus
795 1708 964 1748 maxime
990 1723 1089 1762 opus
1116 1708 1250 1757 habet,
1279 1707 1328 1748 ad
1355 1707 1445 1748 usus
1472 1707 1654 1761 publicos
1679 1709 1805 1761 arripi
1832 1715 1867 1750 ὅ(

426 1768 618 1821 adplicari
637 1779 799 1822 queant,
836 1770 930 1811 licet
951 1771 1020 1811 ista
1039 1772 1159 1825 longe
1184 1769 1373 1824 superent
1404 1781 1528 1810 ratam
1549 1781 1716 1825 partem,
1750 1785 1867 1824 quam

426 1831 496 1871 iste
516 1831 565 1870 ad
583 1830 761 1885 sumptus
782 1833 1031 1886 Reipublicae
1051 1832 1236 1874 conferre
1255 1832 1482 1873 tenebatur.

485 1910 502 1932 1
515 1909 546 1942 3.
578 1894 695 1935 Modi
711 1910 807 1936 vero
818 1896 1004 1936 Dominii
1021 1896 1251 1950 acquirendi
1264 1911 1310 1937 ex
1328 1898 1412 1950 jure
1425 1897 1618 1936 Gentium
1632 1896 1680 1936 ad
1696 1908 1866 1949 quatuor

426 1957 558 2011 capita
592 1956 736 1999 referri
767 1960 949 2013 poffunt,
986 1960 1177 2002 videlicet
1206 1960 1256 2000 ad
1287 1960 1578 2014 Occtcpatz'otzem,
1614 1959 1865 2015 Acccffionem‚

428 2021 730 2076 Specificationem
748 2029 783 2065 ὅ(
805 2023 1070 2077 Traditionem,
1111 2024 1174 2065 vel
1192 2024 1327 2065 forsan
1347 2024 1593 2067 commodius
1613 2025 1663 2065 ad
1681 2025 1760 2065 tria
1780 2038 1865 2067 tan-

764 2134 829 2167 Nec
840 2134 958 2180 fignare
977 2135 1107 2178 quidem,
1133 2144 1187 2169 aut
1199 2137 1308 2179 partiri
1326 2136 1423 2169 limite
1441 2144 1575 2179 campum

759 2181 816 2214 Fas
833 2189 919 2222 erat;
946 2181 977 2214 in
995 2183 1127 2217 medium
1144 2182 1461 2226 qttaereba71t.—--—-

429 2231 512 2265 Hor.
529 2231 603 2266 Lib.
618 2245 650 2267 2.
673 2232 740 2268 Sat.
752 2245 787 2268 2.
806 2245 922 2275 v.129.

761 2290 845 2323 Nam
857 2291 976 2334 propriae
995 2292 1111 2324 telluris
1128 2291 1233 2324 herum
1250 2299 1375 2333 natura,
1399 2303 1452 2326 nec
1469 2294 1567 2334 illum,

761 2337 825 2372 Nec
839 2349 898 2380 me,
923 2349 974 2373 nec
991 2349 1172 2384 quemquam
1181 2336 1300 2383 statuit.

1763 2394 1861 2436 tum,
