2059 2812
586 134 701 187 Lib.
733 131 822 185 m.
896 132 991 186 Tit.
1029 131 1226 185 XXIV.
1520 147 1610 197 193

248 252 311 278 10.
340 236 542 277 Caeterum
573 233 678 274 idem
711 232 884 286 pretium
910 246 1034 272 verum
1067 233 1143 272 effe
1170 238 1348 285 oportet,
1375 228 1479 269 unde
1505 226 1615 280 quod

187 303 282 343 dicis
294 301 400 353 caasa
413 299 544 347 datur,
562 311 641 338 non
658 295 755 337 facit
769 296 1011 349 emptionem
1025 296 1299 337 venditionem
1315 298 1452 347 3——&
1466 290 1615 347 justum,

190 366 294 406 unde
314 365 367 403 ob
387 363 581 404 laefionem
600 374 804 402 enormem
823 359 1061 400 rescinditur
1072 381 1160 411 3——
1172 365 1208 400 ὅ(
1226 369 1377 405 certum,
1395 356 1459 396 vel
1478 368 1549 408 per
1562 354 1616 403 se,

188 429 251 468 vel
270 439 342 480 per
362 425 597 466 relationem
616 422 666 462 ad
685 422 801 461 aliam
820 420 1081 474 quantitatem
1105 439 1116 470 ς
1160 420 1263 459 unde
1282 429 1317 461 ἃ
1336 421 1374 458 in
1405 418 1616 457 arbitrium

187 492 317 530 tertiae
337 500 456 529 certae
475 487 652 542 personae
672 483 848 525 conferri
868 483 1009 536 potest,
1027 495 1126 534 quae,
1144 481 1168 521 fi
1187 483 1360 534 pretium
1378 480 1618 525 definiverit,

187 555 269 605 ejus
298 553 469 592 arbitrio
489 549 664 592 standum
697 548 751 587 est
767 567 777 598 ;
821 546 849 587 fi
879 559 962 586 non
980 545 1220 595 definiverit,
1249 544 1415 598 Emptio
1435 543 1616 584 venditio

188 616 304 657 irrita
323 616 391 657 est.

188 721 319 770 semper
346 721 580 764 concurrebat,
615 731 650 756 ut
682 719 775 767 quod
801 719 886 754 alter
911 716 1062 760 haberet,
1088 717 1174 752 alter
1191 715 1421 757 defideraret3
1460 715 1620 758 alterum,³

188 771 280 817 quod
311 771 369 805 etsi
404 778 625 809 concurreret,
652 765 822 813 inaequalis
851 774 963 799 tamen
997 764 1078 798 effet
1104 776 1215 797 rerum
1246 764 1428 796 aestimatio.
1477 765 1618 796 Invento

187 817 324 851 tandem
343 828 493 857 nummo,
511 827 580 861 quo
599 826 649 848 res
661 823 788 847 caeterae
803 812 1098 853 aestimarentur,&
1116 811 1176 857 qui
1193 808 1344 843 mensura
1363 808 1442 844 esset
1457 810 1619 850 omnium,

188 864 240 898 his
258 861 513 897 difficultatibus
541 860 716 896 occursum
742 859 798 902 est,
824 867 1067 905 coeperuntque
1088 857 1243 891 homines
1260 868 1310 890 res
1336 855 1395 890 fibi
1427 855 1619 890 necessarias

185 921 263 944 com
290 921 381 944 arare
400 910 510 956 pretio
537 920 649 943 earum
678 908 712 941 in
742 906 898 948 nummis,
923 903 977 939 seu
993 905 1131 951 pecunia
1150 914 1336 944 numerata,
1358 903 1495 936 viciffim
1515 901 1619 943 dat03

188 968 259 1002 quo
300 968 402 999 genus
419 955 621 989 commercii
648 953 785 998 Emptio
805 956 839 986 &
860 950 1013 986 venditio
1031 949 1232 997 appellatur,
1258 953 1293 984 &
1313 948 1492 982 secundum
1516 950 1620 983 Nerva

186 1014 226 1036 ac
246 1005 362 1037 Proculi
390 1003 594 1037 Sententiam
622 1012 640 1033 a
670 1000 920 1046 permutatione
949 998 1090 1030 multum
1107 996 1214 1030 distat.
1267 998 1412 1038 Magnus
1429 997 1518 1030 enim
1537 995 1621 1029 olitn

187 1050 252 1083 hac
279 1049 322 1083 de
339 1061 374 1083 re
396 1051 485 1083 inter
502 1047 600 1082 sectas
624 1056 695 1081 erat
712 1044 892 1080 Diss'ensus.
944 1044 1074 1089 Cassiani
1094 1044 1183 1077 enim
1202 1045 1238 1077 δε
1266 1044 1425 1076 Sabiniani
1454 1040 1620 1088 putabant

187 1097 395 1141 emptionem
418 1100 453 1130 δε
473 1106 508 1128 re
524 1094 601 1128 loco
620 1094 720 1140 pretii
743 1093 816 1126 fieri
836 1090 937 1139 posse,
964 1094 1000 1125 &
1019 1089 1277 1136 assumptionem
1299 1088 1483 1134 probabant
1501 1089 1622 1121 Aue-:to-

188 1144 291 1176 ritate
312 1143 453 1184 Homeri,
486 1142 545 1187 qui
564 1140 653 1174 libro
674 1137 816 1186 septimo
831 1140 932 1173 Iliad:
973 1135 1076 1170 refert
1090 1138 1224 1170 Graecos
1242 1137 1354 1169 vinum
1374 1147 1415 1169 ex
1431 1136 1546 1169 Lemno
1565 1132 1623 1167 ad-

187 1189 319 1222 νετὲῒωῃ
354 1187 412 1221 fibi
445 1186 648 1234 comparaffe
681 1197 756 1227 aere,
793 1183 898 1225 ferro,
932 1182 1133 1226 tergoribus,
1160 1181 1276 1223 bobus,
1307 1182 1498 1228 mancipiis,
1525 1189 1623 1215 utens

189 1233 291 1270 verbo
309 1233 444 1280 οἶνὶζειθω,
470 1233 561 1281 quod
577 1233 621 1267 est
637 1231 703 1264 οἶνον
719 1230 866 1275 ἀγοράζειν,
889 1232 990 1265 vinum
1015 1241 1122 1270 emere,
1150 1232 1287 1263 mercari.

522 1288 588 1320 Νῆες
603 1287 630 1317 8'
650 1288 678 1317 ἐκ
698 1285 809 1325 Λῖτμνοιο
828 1284 964 1325 napinam
980 1281 1047 1315 οἶνον
1064 1282 1257 1322 aynau·—

522 1334 700 1365 .--''Ev3w
716 1331 752 1373 αρ’
768 1332 892 1375 οἰνίζοντο
910 1329 1113 1371 ›gemmatim-m
1126 1328 1241 1374 Ἀχαοέ,

516 1380 611 1412 ’Ἄλλοι
629 1379 676 1419 μὴ)
688 1380 794 1420 χαλκῷ,
814 1379 887 1408 ἄλλοι
904 1378 932 1408 8'
955 1378 1048 1408 aciemn
1062 1376 1152 1416 στοῢᾶρῳ

514 1429 610 1459 ’Ἄλλοι
627 1428 657 1457 ἐξ
677 1425 767 1467 ‘quoin
790 1424 863 1455 ἰίλλοι
886 1424 914 1455 S'
929 1422 1025 1456 σύπῖοτ
1041 1423 1144 1459 βοέων,

516 1474 608 1506 ”Amo
625 1473 653 1504 θ’
677 1471 869 1514 impermistum.

522 1553 657 1587 Arlvec‘la
674 1564 689 1585 e
705 1553 820 1586 Lemno
836 1560 906 1585 tunc
924 1551 994 1583 vina
1008 1547 1098 1592 fuere
1117 1548 1225 1581 carinis
1238 1562 1337 1587 ;—-·

525 1599 680 1633 -—-Inde
701 1598 834 1642 capillati
844 1597 898 1643 fibi
914 1598 984 1630 vina
999 1606 1110 1640 parare
1128 1594 1246 1638 Pelasgi
1259 1608 1270 1627 :

526 1648 603 1680 AEre
625 1646 755 1679 micante
772 1645 838 1685 alii,
864 1644 958 1676 nitido
973 1652 1045 1686 pars
1065 1642 1164 1674 altera
1175 1640 1274 1684 ferro,

527 1695 600 1727 Pars
617 1692 730 1725 bubulis
746 1692 849 1734 tergis,
875 1689 938 1732 ipsis
950 1690 1086 1733 plerique
1097 1689 1252 1730 juvencis,

525 1742 602 1774 Pars
618 1749 732 1783 quoque
751 1737 1054 1780 mancipiis.——-

192 1805 307 1840 Alium
331 1802 442 1837 locum
463 1800 609 1848 ejusdem
628 1803 751 1842 Poetae,
777 1805 814 1836 &
833 1802 893 1846 qui
921 1801 1024 1843 magis
1041 1811 1103 1847 pro
1120 1798 1183 1832 hac
1205 1798 1368 1833 sententia
1394 1796 1475 1832 facit
1500 1795 1627 1831 submi-

193 1852 308 1886 nistrat
324 1851 437 1885 Paulus
454 1860 495 1882 ex
513 1847 601 1882 libro
622 1860 652 1882 1.
669 1847 786 1894 Odyss.
807 1849 893 1881 circa
909 1847 1024 1880 finem.

521 1897 571 1928 Τῆν
597 1894 665 1928 πέτε
692 1895 802 1935 linig-mr
827 1894 917 1930 agiam
942 1893 1087 1926 κπαίποσιν
1105 1891 1191 1926 ἑοῖο-ιν.

527 1956 641 2006 Qm
664 1958 732 1990 olim
751 1957 881 1990 Laertes
907 1964 1021 1989 emerat
1041 1953 1244 1999 possessionibus
1262 1952 1339 1997 suis.

193 2017 260 2053 Sed
278 2019 380 2053 Nerva
397 2020 433 2052 δε
449 2018 590 2051 Proculus
607 2017 654 2049 ita
667 2016 847 2061 permutari,
871 2026 937 2048 non
955 2015 1013 2049 emi
1039 2011 1286 2055 adseverabant,
1313 2016 1350 2048 δε
1369 2009 1520 2045 similiter
1544 2008 1624 2043 loco

193 2066 324 2100 Homeri
345 2076 387 2098 ex
413 2062 487 2097 Lib.
507 2068 539 2098 6.
562 2061 672 2098 Iliad:
699 2060 955 2107 adjuvabantur,
979 2059 1036 2094 ubi
1063 2061 1165 2094 Poeta
1184 2058 1286 2094 refert
1307 2061 1460 2095 Glaucum
1489 2066 1626 2090 centum

194 2110 299 2146 boum
313 2123 404 2145 arma
418 2121 518 2144 aurea
534 2107 736 2156 permutasse
754 2120 830 2142 cum
848 2108 940 2142 aereis
952 2109 1107 2142 Diomedis
1126 2107 1223 2141 armis
1241 2119 1360 2141 novem
1379 2104 1492 2139 boum.
1544 2103 1626 2146 Qo

196 2157 276 2192 loco
295 2159 402 2192 utitur
419 2157 521 2192 verbo
539 2156 649 2198 εἰμι-ἔξω,
677 2154 768 2202 quod
786 2154 830 2188 est
858 2155 1031 2202 proprium
1055 2154 1324 2201 permutationis.
1375 2150 1441 2186 Sed
1458 2149 1552 2183 litem
1576 2148 1626 2182 se-

198 2203 344 2238 cundum
368 2206 561 2240 Proculianos
588 2203 686 2238 dedit
716 2201 1115 2249 Imperator.--Fufius
1137 2199 1179 2235 de
1206 2200 1268 2235 hac
1292 2199 1470 2248 quaestione
1495 2192 1627 2229 differit

198 2250 396 2298 Pufendorfius
411 2250 454 2285 de
469 2251 542 2297 jure
557 2253 644 2286 Nat.
662 2254 698 2286 ὃς
713 2251 813 2284 Gent.
834 2247 910 2284 Lib.
929 2261 959 2295 5.
982 2249 1064 2297 Cap.
1083 2259 1113 2294 5.

874 2352 905 2389 Β
934 2347 961 2385 b
1364 2357 1426 2383 11.
1455 2342 1627 2396 Emptor
