2059 2812
567 133 681 185 Lib.
721 130 811 184 III.
884 128 982 183 Tit.
1020 127 1187 183 XXII.
1503 134 1600 196 189

220 242 261 290 3.
297 239 409 279 Nova
428 234 644 275 Literarum
662 230 835 286 obligatio
853 230 922 278 est,
950 241 1039 268 cum
1057 229 1144 281 quis
1171 227 1238 282 spe
1257 225 1404 267 futurae
1424 239 1608 266 numera-

167 305 290 346 tionis
309 299 580 353 chirographo
600 297 637 336 se
660 295 868 349 pecuniam
888 293 1033 332 debere
1054 292 1251 332 confessus
1269 292 1338 343 est,
1366 305 1454 345 quae
1474 304 1607 329 nume-

167 378 252 408 rata
281 378 363 404 non
395 362 490 412 fuit,
516 360 584 401 sed
615 370 763 405 tamen,
790 367 974 409 tanquam
1006 355 1289 407 praesumptum
1321 364 1502 396 mutuum
1530 352 1608 392 sol·

167 428 294 471 venda
313 428 394 477 est3
436 425 506 466 nifi
526 423 685 463 debitor
705 424 809 460 intra
828 417 1047 466 biennium,
1075 416 1138 455 vel
1171 416 1485 470 chirographum
1515 429 1609 456 con-

167 491 315 532 dixerit
332 511 343 541 3
375 489 439 529 vel
458 490 508 529 de
527 502 577 526 eo
597 484 729 524 saltem
750 482 984 536 protestatus
1004 479 1048 518 fit
1067 478 1171 531 apud
1186 478 1367 533 Judicem
1388 477 1510 527 suum,
1546 477 1608 518 vel

168 554 303 608 agenti
326 551 522 593 creditori
541 548 781 602 exceptionem
805 561 872 585 non
894 552 1087 584 numeratae
1104 542 1264 596 pecunioe
1285 540 1535 594 opposuerit.

223 631 263 664 4.
297 615 423 669 Hujus
442 625 574 654 autem
593 610 838 664 exceptionis
855 606 1057 661 singularis
1077 604 1320 645 observanda
1334 606 1389 645 est
1402 605 1475 652 viS,
1493 617 1611 657 quam

168 679 290 721 habet
324 689 409 718 tum
443 678 548 717 intra
575 675 794 721 biennium,
823 683 908 713 tum
943 671 1030 722 post
1063 668 1164 709 illud
1195 667 1611 722 propofita.-—-Intra

168 739 350 782 biennium
371 737 572 793 proposita
589 735 701 784 facit,
731 743 775 772 ut
796 732 977 772 creditor
996 730 1222 770 debitorem
1238 729 1310 769 suo
1337 729 1611 784 chirographo

169 819 251 845 non
271 804 386 857 poffit
414 802 665 845 convincere,
692 795 759 835 sed
786 793 1103 835 numerationem
1134 792 1220 831 aliis
1239 792 1488 832 documentis
1516 806 1611 845 pro-

169 868 263 906 bare
284 857 653 911 teneatur.——-Post
672 856 852 897 biennium
883 865 1016 896 autem
1034 853 1235 906 proposita
1254 853 1354 892 adeo
1375 853 1523 893 nullam
1544 854 1612 893 ha-

169 930 238 969 bet
259 929 339 968 vim
359 928 445 981 jure
461 923 587 973 civili,
616 933 662 962 ut
681 936 761 961 non
781 919 1027 966 attendatur,
1056 917 1124 958 etfi
1142 918 1303 957 debitor
1323 918 1494 970 probare
1514 918 1612 958 velit

169 990 380 1043 pecuniam
401 996 645 1027 numeratam
665 997 749 1024 non
769 983 861 1031 effe,
889 991 1007 1034 atque
1027 979 1121 1020 ideo
1141 979 1346 1034 Justiniano
1371 979 1521 1022 dicitur
1542 980 1612 1019 ob-

169 1053 312 1109 ligatio
330 1051 436 1093 nasci
455 1065 501 1090 ex
516 1049 651 1090 literis.

276 1154 437 1221 JUS
471 1150 721 1202 ANGL
740 1147 1116 1199 ICANUM.
1139 1149 1199 1198 ad
1221 1148 1318 1197 Tit.
1336 1149 1506 1198 xxii.

221 1256 285 1289 Per
307 1253 502 1300 scripturam
522 1262 661 1296 quoque
680 1248 852 1292 obligatur
871 1248 960 1293 quis,
992 1256 1029 1280 ut
1048 1244 1068 1279 fi
1089 1247 1163 1292 quis
1180 1244 1350 1293 scripserit
1369 1245 1470 1279 alicui
1495 1244 1526 1280 se
1553 1245 1614 1279 de-

173 1301 253 1336 bere
271 1318 280 1342 ;
306 1299 370 1334 five
389 1299 529 1346 pecunia
556 1307 731 1331 numerata
752 1295 803 1336 sit,
825 1294 887 1329 five
906 1306 985 1335 non,
1011 1305 1053 1326 ex
1071 1291 1234 1339 scriptura
1257 1291 1449 1336 obligatur:
1477 1304 1538 1326 nec
1556 1305 1614 1325 ex-

175 1350 365 1395 ceptionem
392 1358 461 1380 non
479 1355 655 1379 numeratae
680 1343 829 1390 pecuniae
857 1350 975 1376 contra
993 1338 1188 1387 scripturam
1210 1339 1364 1383 habebit,
1389 1341 1467 1386 qnia
1486 1337 1616 1385 scripsit

176 1394 210 1431 se
228 1394 364 1430 debere.

223 1443 413 1477 Literarum
433 1438 660 1482 obligationes
681 1436 826 1472 celsioris
842 1434 932 1482 apud
950 1447 1009 1468 nos
1031 1433 1185 1469 videntur
1204 1433 1268 1468 effe
1291 1443 1431 1476 naturae,
1457 1436 1493 1468 &
1510 1433 1617 1476 magis

174 1489 280 1534 ligare
299 1500 399 1534 quam
418 1487 657 1533 stipulationes.
710 1485 802 1518 Nam
821 1481 843 1516 si
864 1481 1024 1528 scriptura
1039 1480 1276 1524 intercefferit,
1301 1479 1617 1522 confiderationcm‚

174 1537 228 1570 vel
249 1536 429 1574 σαυά>λαγμα
447 1533 589 1579 exprimi
609 1543 676 1565 non
694 1530 738 1564 est
765 1527 904 1563 necesse.
955 1529 990 1561 Si
1008 1527 1149 1561 verbalis
1174 1529 1367 1561 contraibis
1385 1527 1427 1561 de
1450 1540 1484 1561 rc
1501 1526 1614 1572 aliqua

175 1584 248 1626 fiat,
275 1587 312 1618 &
331 1581 488 1627 deinceps
506 1578 684 1621 Obligatio
703 1579 736 1611 in
753 1576 883 1622 scriptis
902 1574 981 1608 inde
996 1584 1214 1616 contexatur,
1239 1575 1433 1608 contr-aetus
1451 1573 1508 1606 ille
1524 1576 1617 1619 prior

177 1631 310 1678 penitus
327 1629 551 1671 extinguitur,
579 1637 639 1660 nec
665 1625 832 1658 actionem
854 1621 1005 1667 aliquam
1031 1621 1104 1663 dat,
1131 1620 1186 1654 sed
1217 1620 1323 1655 solum
1341 1620 1617 1664 Chirographum

176 1679 265 1713 vires
295 1675 407 1710 habet.
461 1673 568 1717 Qod
599 1682 711 1705 tamen
741 1672 775 1704 in
800 1669 915 1703 debito
934 1667 1113 1710 infinuato,
1139 1667 1192 1703 vel
1221 1667 1412 1708 recordato,
1439 1676 1497 1701 aut
1514 1668 1616 1700 etiam

177 1724 243 1758 alia
261 1723 472 1767 obligatione
490 1720 594 1767 priori
615 1720 648 1752 in
667 1717 794 1764 scriptis
813 1715 975 1762 concepta
990 1715 1088 1749 aliter
1108 1713 1140 1748 se
1159 1714 1269 1749 habet.
1305 1716 1494 1748 Literarutn
1514 1716 1617 1749 etiam

177 1771 343 1814 obligatio
361 1768 484 1803 verbali
506 1767 621 1813 aliquo
641 1767 737 1811 pacto
754 1763 796 1798 de
813 1776 877 1797 non
897 1761 1046 1809 petendo
1064 1762 1204 1796 minime
1218 1762 1362 1796 tollitur.

229 1821 355 1852 Harum
377 1827 512 1862 quoque
534 1814 607 1848 duae
633 1813 706 1846 sunt
734 1811 872 1857 species,
898 1808 981 1843 ficut
1000 1813 1036 1844 ὅ(
1055 1809 1347 1856 Stipulationum3
1374 1820 1438 1842 una
1458 1809 1617 1842 nimirum

174 1865 299 1912 simplex
324 1862 461 1904 dicitur,
490 1874 554 1908 qua
585 1859 720 1893 debitor
750 1857 853 1893 solum
882 1855 1034 1890 debiturn
1063 1854 1230 1900 agnoscit,
1256 1860 1292 1892 &
1321 1855 1350 1890 se
1368 1855 1618 1902 persoluturum

179 1910 322 1959 spondet
339 1908 545 1951 3———altera
562 1908 789 1948 conditionalis,
816 1917 890 1952 quae
910 1904 1073 1950 majorem
1103 1901 1260 1937 summam
1286 1902 1421 1950 (utpote
1450 1900 1617 1948 duplum)

180 1971 246 2006 prae
262 1957 297 1992 se
313 1957 393 2000 fert,
416 1954 721 2006 conditionemque
748 1952 852 1987 habet
876 1963 1051 1994 annexam,
1077 1962 1150 1997 quae
1176 1962 1194 1985 a
1227 1950 1326 1997 poena
1356 1949 1489 1991 liberat,
1517 1947 1619 1983 modo

181 2004 366 2052 principale
384 2003 537 2038 debitum
556 2001 614 2035 die
631 2002 788 2044 affignato
806 1997 1021 2046 persolvatur.

231 2054 344 2086 Etiam
362 2053 430 2086 haec
446 2052 479 2085 in
499 2047 819 2089 Conventionalem,
846 2045 1091 2092 &judicialem
1108 2047 1196 2080 reete
1214 2044 1390 2079 dividitur.
1444 2044 1620 2077 conventio-

181 2102 262 2134 nalis
280 2099 325 2132 est
351 2098 421 2142 illa,
450 2109 524 2145 quae
550 2108 591 2130 ex
609 2093 769 2129 consensu
787 2095 934 2141 partium
954 2105 1067 2128 coram
1084 2093 1221 2140 privatis
1240 2091 1433 2126 hominibus
1450 2089 1619 2129 scribitur,

182 2145 394 2189 consignatur
420 2149 457 2180 ὃς
486 2143 641 2178 traditur.
687 2142 871 2188 Judicz'alis,
899 2153 971 2187 quae
999 2153 1112 2175 coram
1128 2139 1249 2188 Judice
1275 2140 1402 2184 aliquo,
1429 2135 1483 2171 seu
1503 2136 1618 2170 saltem

184 2192 314 2239 Judicis
341 2193 427 2227 vices
457 2191 630 2238 supplente
656 2190 774 2224 initur.
827 2187 1028 2233 eujusmodi
1057 2187 1132 2222 sunt
1158 2188 1399 2233 Recognitiones‚
1434 2187 1551 2228 Scripta
1585 2182 1619 2214 de

185 2243 307 2275 Statuto
324 2240 523 2281 Mercatorio‚
547 2238 581 2273 &
599 2239 633 2272 de
648 2240 771 2272 statuto
788 2236 921 2280 Stapuli.

235 2289 273 2320 In
290 2286 357 2320 istis
375 2285 638 2329 obligationibus
653 2284 862 2325 literatoriis,
889 2281 968 2317 ficut
984 2286 1021 2317 &
1036 2283 1110 2317 aliis
1129 2281 1270 2329 scriptis,
1298 2292 1371 2325 quae
1386 2278 1485 2312 nostri
1507 2287 1617 2309 FACTA

186 2333 318 2376 dicunt,
344 2331 496 2381 quaedam
510 2331 582 2367 sunt
599 2331 640 2366 de
659 2343 773 2367 earum
789 2328 937 2374 essentia,
963 2329 1109 2377 ideoque
1125 2339 1194 2364 tarn
1211 2326 1389 2367 neceffaria
1410 2333 1620 2369 reputantur,

1585 2379 1621 2402 ut
