<?xml version="1.0" encoding="UTF-8"?>
<!DOCTYPE html PUBLIC "-//W3C//DTD XHTML 1.0 Transitional//EN"
    "http://www.w3.org/TR/xhtml1/DTD/xhtml1-transitional.dtd">
<html xmlns="http://www.w3.org/1999/xhtml" xml:lang="en" lang="en">
 <head>
  <title>
</title>
<meta http-equiv="Content-Type" content="text/html;charset=utf-8" />
  <meta name='ocr-system' content='tesseract 3.04.00' />
  <meta name='ocr-capabilities' content='ocr_page ocr_carea ocr_par ocr_line ocrx_word'/>
</head>
<body>
  <div class='ocr_page' id='page_1' title='image "./jurisprudentiaph00eden_0072.png"; bbox 0 0 2059 2812; ppageno 0'>
   <div class='ocr_carea' id='block_1_1' title="bbox 390 125 1444 200">
    <p class='ocr_par' dir='ltr' id='par_1_1' title="bbox 390 125 1444 200">
     <span class='ocr_line' id='line_1_1' title="bbox 390 125 1444 200; baseline -0.003 -14"><span class='ocrx_word' id='word_1_1' title='bbox 390 136 464 200; x_wconf 88' lang='lat'>46</span> <span class='ocrx_word' id='word_1_2' title='bbox 793 128 1057 181; x_wconf 80' lang='lat' dir='ltr'><em>Elementa</em></span> <span class='ocrx_word' id='word_1_3' title='bbox 1093 125 1240 195; x_wconf 73' lang='lat' dir='ltr'>Juris</span> <span class='ocrx_word' id='word_1_4' title='bbox 1276 128 1444 183; x_wconf 80' lang='lat' dir='ltr'><em>Civilis</em></span> 
     </span>
    </p>
   </div>
   <div class='ocr_carea' id='block_1_2' title="bbox 388 228 1846 849">
    <p class='ocr_par' dir='ltr' id='par_1_2' title="bbox 388 228 1845 672">
     <span class='ocr_line' id='line_1_2' title="bbox 451 228 1841 284; baseline 0.001 -12"><span class='ocrx_word' id='word_1_5' title='bbox 451 248 486 283; x_wconf 85' lang='lat'>3.</span> <span class='ocrx_word' id='word_1_6' title='bbox 517 229 774 284; x_wconf 79' lang='lat' dir='ltr'>Emancipatz&#39;o</span> <span class='ocrx_word' id='word_1_7' title='bbox 796 229 851 269; x_wconf 88' lang='lat' dir='ltr'>est</span> <span class='ocrx_word' id='word_1_8' title='bbox 880 229 1004 270; x_wconf 73' lang='lat' dir='ltr'>Aecus</span> <span class='ocrx_word' id='word_1_9' title='bbox 1034 228 1253 284; x_wconf 79' lang='lat' dir='ltr'>legitimus,</span> <span class='ocrx_word' id='word_1_10' title='bbox 1280 244 1362 284; x_wconf 90' lang='lat' dir='ltr'>quo</span> <span class='ocrx_word' id='word_1_11' title='bbox 1391 231 1512 272; x_wconf 84' lang='lat' dir='ltr'>liberi</span> <span class='ocrx_word' id='word_1_12' title='bbox 1540 231 1590 271; x_wconf 89' lang='lat' dir='ltr'>de</span> <span class='ocrx_word' id='word_1_13' title='bbox 1616 244 1737 272; x_wconf 86' lang='lat' dir='ltr'>manu</span> <span class='ocrx_word' id='word_1_14' title='bbox 1764 231 1841 274; x_wconf 87' lang='lat' dir='ltr'>five</span> 
     </span>
     <span class='ocr_line' id='line_1_3' title="bbox 391 294 1844 354; baseline 0.001 -16"><span class='ocrx_word' id='word_1_15' title='bbox 391 299 586 354; x_wconf 86' lang='lat' dir='ltr'>potestate</span> <span class='ocrx_word' id='word_1_16' title='bbox 604 295 731 337; x_wconf 84' lang='lat' dir='ltr'>Patris</span> <span class='ocrx_word' id='word_1_17' title='bbox 750 294 1025 336; x_wconf 84' lang='lat' dir='ltr'>dimittuntur.</span> <span class='ocrx_word' id='word_1_18' title='bbox 1084 298 1222 350; x_wconf 88' lang='lat' dir='ltr'>anue</span> <span class='ocrx_word' id='word_1_19' title='bbox 1253 297 1310 337; x_wconf 87' lang='lat' dir='ltr'>est</span> <span class='ocrx_word' id='word_1_20' title='bbox 1332 313 1366 337; x_wconf 92' lang='lat'>1.</span> <span class='ocrx_word' id='word_1_21' title='bbox 1387 297 1452 338; x_wconf 88' lang='lat' dir='ltr'>vel</span> <span class='ocrx_word' id='word_1_22' title='bbox 1467 298 1648 353; x_wconf 81' lang='lat' dir='ltr'>legitima,</span> <span class='ocrx_word' id='word_1_23' title='bbox 1678 312 1766 352; x_wconf 87' lang='lat' dir='ltr'>quae</span> <span class='ocrx_word' id='word_1_24' title='bbox 1784 298 1844 339; x_wconf 89' lang='lat' dir='ltr'>se-</span> 
     </span>
     <span class='ocr_line' id='line_1_4' title="bbox 390 357 1845 413; baseline -0.001 -11"><span class='ocrx_word' id='word_1_25' title='bbox 390 361 562 402; x_wconf 84' lang='lat' dir='ltr'>cundum</span> <span class='ocrx_word' id='word_1_26' title='bbox 579 373 642 400; x_wconf 84' lang='lat' dir='ltr'>LL.</span> <span class='ocrx_word' id='word_1_27' title='bbox 665 374 726 400; x_wconf 86' lang='lat'>12.</span> <span class='ocrx_word' id='word_1_28' title='bbox 740 357 867 400; x_wconf 90' lang='lat' dir='ltr'>Tabb.</span> <span class='ocrx_word' id='word_1_29' title='bbox 884 372 957 411; x_wconf 89' lang='lat' dir='ltr'>per</span> <span class='ocrx_word' id='word_1_30' title='bbox 983 358 1236 413; x_wconf 82' lang='lat' dir='ltr'>imaginarias</span> <span class='ocrx_word' id='word_1_31' title='bbox 1254 359 1520 410; x_wconf 83' lang='lat' dir='ltr'>venditiones,</span> <span class='ocrx_word' id='word_1_32' title='bbox 1545 360 1845 404; x_wconf 82' lang='lat' dir='ltr'>&amp;interceden-</span> 
     </span>
     <span class='ocr_line' id='line_1_5' title="bbox 390 423 1843 479; baseline -0.001 -14"><span class='ocrx_word' id='word_1_33' title='bbox 390 435 448 465; x_wconf 85' lang='lat' dir='ltr'>tes</span> <span class='ocrx_word' id='word_1_34' title='bbox 467 424 782 464; x_wconf 78' lang='lat' dir='ltr'>manumiffiones</span> <span class='ocrx_word' id='word_1_35' title='bbox 797 423 932 472; x_wconf 81' lang='lat' dir='ltr'>fiebat,</span> <span class='ocrx_word' id='word_1_36' title='bbox 963 423 1032 476; x_wconf 82' lang='lat' dir='ltr'>qui</span> <span class='ocrx_word' id='word_1_37' title='bbox 1048 424 1206 473; x_wconf 85' lang='lat' dir='ltr'>modus,</span> <span class='ocrx_word' id='word_1_38' title='bbox 1227 424 1336 465; x_wconf 81' lang='lat' dir='ltr'>velut</span> <span class='ocrx_word' id='word_1_39' title='bbox 1355 423 1494 464; x_wconf 83' lang='lat' dir='ltr'>liberis</span> <span class='ocrx_word' id='word_1_40' title='bbox 1509 424 1737 479; x_wconf 81' lang='lat' dir='ltr'>injuriosuS,</span> <span class='ocrx_word' id='word_1_41' title='bbox 1755 425 1843 466; x_wconf 88' lang='lat' dir='ltr'>sub-</span> 
     </span>
     <span class='ocr_line' id='line_1_6' title="bbox 388 488 1844 543; baseline -0.001 -13"><span class='ocrx_word' id='word_1_42' title='bbox 388 489 506 530; x_wconf 84' lang='lat' dir='ltr'>latus.</span> <span class='ocrx_word' id='word_1_43' title='bbox 567 504 605 530; x_wconf 88' lang='lat'>2.</span> <span class='ocrx_word' id='word_1_44' title='bbox 637 488 898 543; x_wconf 80' lang='lat' dir='ltr'>Anastafiana,</span> <span class='ocrx_word' id='word_1_45' title='bbox 936 502 1024 542; x_wconf 86' lang='lat' dir='ltr'>quae</span> <span class='ocrx_word' id='word_1_46' title='bbox 1055 488 1269 531; x_wconf 82' lang='lat' dir='ltr'>secundum</span> <span class='ocrx_word' id='word_1_47' title='bbox 1304 489 1633 531; x_wconf 78' lang='lat' dir='ltr'>constitutionem</span> <span class='ocrx_word' id='word_1_48' title='bbox 1660 489 1844 532; x_wconf 78' lang='lat' dir='ltr'>Anastafii</span> 
     </span>
     <span class='ocr_line' id='line_1_7' title="bbox 389 553 1842 609; baseline 0.003 -15"><span class='ocrx_word' id='word_1_49' title='bbox 389 554 631 596; x_wconf 65' lang='lat' dir='ltr'>auctoritate</span> <span class='ocrx_word' id='word_1_50' title='bbox 654 555 699 595; x_wconf 87' lang='lat' dir='ltr'>fit</span> <span class='ocrx_word' id='word_1_51' title='bbox 728 554 954 607; x_wconf 77' lang='lat' dir='ltr'>Principis:</span> <span class='ocrx_word' id='word_1_52' title='bbox 1000 555 1077 595; x_wconf 91' lang='lat' dir='ltr'>Vel</span> <span class='ocrx_word' id='word_1_53' title='bbox 1102 571 1133 605; x_wconf 83' lang='lat'>3.</span> <span class='ocrx_word' id='word_1_54' title='bbox 1162 553 1391 608; x_wconf 79' lang='lat' dir='ltr'>Justinianea</span> <span class='ocrx_word' id='word_1_55' title='bbox 1421 569 1508 609; x_wconf 87' lang='lat' dir='ltr'>quae</span> <span class='ocrx_word' id='word_1_56' title='bbox 1534 557 1578 596; x_wconf 86' lang='lat' dir='ltr'>fit</span> <span class='ocrx_word' id='word_1_57' title='bbox 1601 556 1842 598; x_wconf 66' lang='lat' dir='ltr'>au&amp;oritate</span> 
     </span>
     <span class='ocr_line' id='line_1_8' title="bbox 388 618 661 672; baseline -0.004 -12"><span class='ocrx_word' id='word_1_58' title='bbox 388 618 661 672; x_wconf 75' lang='lat' dir='ltr'>MagistratUS.</span> 
     </span>
    </p>

    <p class='ocr_par' dir='ltr' id='par_1_3' title="bbox 389 677 1846 849">
     <span class='ocr_line' id='line_1_9' title="bbox 445 677 1846 736; baseline 0.001 -16"><span class='ocrx_word' id='word_1_59' title='bbox 445 694 483 727; x_wconf 87' lang='lat'>4.</span> <span class='ocrx_word' id='word_1_60' title='bbox 517 679 689 721; x_wconf 77' lang='lat' dir='ltr'>Videtur</span> <span class='ocrx_word' id='word_1_61' title='bbox 707 683 743 719; x_wconf 66' lang='grc' dir='ltr'>ὅ(</span> <span class='ocrx_word' id='word_1_62' title='bbox 762 677 942 731; x_wconf 85' lang='lat' dir='ltr'><strong>quaedam</strong></span> <span class='ocrx_word' id='word_1_63' title='bbox 967 679 1206 733; x_wconf 67' lang='lat' dir='ltr'>praesumpta</span> <span class='ocrx_word' id='word_1_64' title='bbox 1220 681 1516 736; x_wconf 84' lang='lat' dir='ltr'>Emancipatio,</span> <span class='ocrx_word' id='word_1_65' title='bbox 1545 697 1633 724; x_wconf 87' lang='lat' dir='ltr'>cum</span> <span class='ocrx_word' id='word_1_66' title='bbox 1648 686 1768 722; x_wconf 83' lang='lat' dir='ltr'>Pater</span> <span class='ocrx_word' id='word_1_67' title='bbox 1781 683 1846 722; x_wconf 84' lang='lat' dir='ltr'>vel</span> 
     </span>
     <span class='ocr_line' id='line_1_10' title="bbox 389 741 1844 800; baseline 0.003 -18"><span class='ocrx_word' id='word_1_68' title='bbox 389 741 586 784; x_wconf 85' lang='lat' dir='ltr'>infantem</span> <span class='ocrx_word' id='word_1_69' title='bbox 613 743 796 797; x_wconf 83' lang='lat' dir='ltr'>exponit,</span> <span class='ocrx_word' id='word_1_70' title='bbox 826 743 890 783; x_wconf 87' lang='lat' dir='ltr'>vel</span> <span class='ocrx_word' id='word_1_71' title='bbox 915 743 1044 784; x_wconf 89' lang='lat' dir='ltr'>filium</span> <span class='ocrx_word' id='word_1_72' title='bbox 1085 744 1154 785; x_wconf 90' lang='lat' dir='ltr'>diu</span> <span class='ocrx_word' id='word_1_73' title='bbox 1181 746 1311 800; x_wconf 79' lang='lat' dir='ltr'>passus</span> <span class='ocrx_word' id='word_1_74' title='bbox 1341 745 1385 786; x_wconf 88' lang='lat' dir='ltr'>fit</span> <span class='ocrx_word' id='word_1_75' title='bbox 1413 760 1458 788; x_wconf 87' lang='lat' dir='ltr'>ut</span> <span class='ocrx_word' id='word_1_76' title='bbox 1481 752 1637 789; x_wconf 82' lang='lat' dir='ltr'>Patrem</span> <span class='ocrx_word' id='word_1_77' title='bbox 1664 746 1844 788; x_wconf 72' lang='lat' dir='ltr'>Familiae</span> 
     </span>
     <span class='ocr_line' id='line_1_11' title="bbox 389 820 542 849; baseline -0.007 0"><span class='ocrx_word' id='word_1_78' title='bbox 389 820 542 849; x_wconf 77' lang='lat' dir='ltr'>vivere.</span> 
     </span>
    </p>
   </div>
   <div class='ocr_carea' id='block_1_3' title="bbox 447 869 1845 927">
    <p class='ocr_par' dir='ltr' id='par_1_4' title="bbox 447 869 1845 927">
     <span class='ocr_line' id='line_1_12' title="bbox 447 869 1845 927; baseline 0.002 -17"><span class='ocrx_word' id='word_1_79' title='bbox 447 886 485 918; x_wconf 88' lang='lat'>5.</span> <span class='ocrx_word' id='word_1_80' title='bbox 518 869 779 924; x_wconf 80' lang='lat' dir='ltr'>Regulatiter</span> <span class='ocrx_word' id='word_1_81' title='bbox 802 880 933 910; x_wconf 82' lang='lat' dir='ltr'>autem</span> <span class='ocrx_word' id='word_1_82' title='bbox 957 883 1030 911; x_wconf 88' lang='lat' dir='ltr'>nec</span> <span class='ocrx_word' id='word_1_83' title='bbox 1054 870 1175 911; x_wconf 85' lang='lat' dir='ltr'>inviti</span> <span class='ocrx_word' id='word_1_84' title='bbox 1190 876 1379 913; x_wconf 79' lang='lat' dir='ltr'>Parentes</span> <span class='ocrx_word' id='word_1_85' title='bbox 1402 874 1666 927; x_wconf 85' lang='lat' dir='ltr'>emancipant,</span> <span class='ocrx_word' id='word_1_86' title='bbox 1693 887 1766 914; x_wconf 89' lang='lat' dir='ltr'>nec</span> <span class='ocrx_word' id='word_1_87' title='bbox 1785 873 1845 913; x_wconf 86' lang='lat' dir='ltr'>in-</span> 
     </span>
    </p>
   </div>
   <div class='ocr_carea' id='block_1_4' title="bbox 388 933 1843 1052">
    <p class='ocr_par' dir='ltr' id='par_1_5' title="bbox 388 933 1843 1052">
     <span class='ocr_line' id='line_1_13' title="bbox 390 933 1843 992; baseline 0.001 -18"><span class='ocrx_word' id='word_1_88' title='bbox 390 933 465 974; x_wconf 87' lang='lat' dir='ltr'>viti</span> <span class='ocrx_word' id='word_1_89' title='bbox 489 934 609 974; x_wconf 82' lang='lat' dir='ltr'>liberi</span> <span class='ocrx_word' id='word_1_90' title='bbox 633 935 949 988; x_wconf 85' lang='lat' dir='ltr'>emancipantur,</span> <span class='ocrx_word' id='word_1_91' title='bbox 985 945 1052 975; x_wconf 82' lang='lat' dir='ltr'>aut</span> <span class='ocrx_word' id='word_1_92' title='bbox 1080 936 1232 977; x_wconf 81' lang='lat' dir='ltr'>familia</span> <span class='ocrx_word' id='word_1_93' title='bbox 1262 937 1493 992; x_wconf 84' lang='lat' dir='ltr'>ejiciuntur,</span> <span class='ocrx_word' id='word_1_94' title='bbox 1530 938 1600 979; x_wconf 83' lang='lat' dir='ltr'>nisi</span> <span class='ocrx_word' id='word_1_95' title='bbox 1632 947 1843 991; x_wconf 86' lang='lat' dir='ltr'>utrumque</span> 
     </span>
     <span class='ocr_line' id='line_1_14' title="bbox 388 997 1001 1052; baseline 0.003 -15"><span class='ocrx_word' id='word_1_96' title='bbox 388 997 499 1037; x_wconf 82' lang='lat' dir='ltr'>forte</span> <span class='ocrx_word' id='word_1_97' title='bbox 512 998 652 1052; x_wconf 84' lang='lat' dir='ltr'>justam</span> <span class='ocrx_word' id='word_1_98' title='bbox 671 998 726 1038; x_wconf 92' lang='lat' dir='ltr'>ob</span> <span class='ocrx_word' id='word_1_99' title='bbox 747 998 900 1038; x_wconf 71' lang='lat' dir='ltr'>caustuu</span> <span class='ocrx_word' id='word_1_100' title='bbox 917 998 1001 1040; x_wconf 86' lang='lat' dir='ltr'>fiat.</span> 
     </span>
    </p>
   </div>
   <div class='ocr_carea' id='block_1_5' title="bbox 737 1108 1498 1146">
    <p class='ocr_par' dir='ltr' id='par_1_6' title="bbox 737 1108 1498 1146">
     <span class='ocr_line' id='line_1_15' title="bbox 737 1108 1498 1146; baseline 0.003 -2"><span class='ocrx_word' id='word_1_101' title='bbox 737 1108 1075 1145; x_wconf 91' lang='lat' dir='ltr'>PLINIVS</span> <span class='ocrx_word' id='word_1_102' title='bbox 1125 1109 1498 1146; x_wconf 82' lang='lat' dir='ltr'>TRAIANO.</span> 
     </span>
    </p>
   </div>
   <div class='ocr_carea' id='block_1_6' title="bbox 384 1188 1848 1758">
    <p class='ocr_par' dir='ltr' id='par_1_7' title="bbox 384 1188 1846 1563">
     <span class='ocr_line' id='line_1_16' title="bbox 439 1188 1843 1234; baseline -0.002 -10"><span class='ocrx_word' id='word_1_103' title='bbox 439 1191 586 1224; x_wconf 78' lang='lat' dir='ltr'><em>Proxima</em></span> <span class='ocrx_word' id='word_1_104' title='bbox 612 1190 768 1234; x_wconf 80' lang='lat' dir='ltr'>infirmitas</span> <span class='ocrx_word' id='word_1_105' title='bbox 785 1200 864 1229; x_wconf 83' lang='lat' dir='ltr'>mea,</span> <span class='ocrx_word' id='word_1_106' title='bbox 890 1189 1034 1228; x_wconf 81' lang='lat' dir='ltr'>Domine,</span> <span class='ocrx_word' id='word_1_107' title='bbox 1060 1188 1205 1230; x_wconf 73' lang='lat' dir='ltr'>obligavit</span> <span class='ocrx_word' id='word_1_108' title='bbox 1222 1200 1268 1221; x_wconf 84' lang='lat' dir='ltr'>me</span> <span class='ocrx_word' id='word_1_109' title='bbox 1289 1189 1455 1233; x_wconf 82' lang='lat' dir='ltr'><em>Posthumio</em></span> <span class='ocrx_word' id='word_1_110' title='bbox 1473 1189 1600 1222; x_wconf 78' lang='lat' dir='ltr'><em>Marino</em></span> <span class='ocrx_word' id='word_1_111' title='bbox 1622 1189 1768 1230; x_wconf 81' lang='lat' dir='ltr'>Medico,</span> <span class='ocrx_word' id='word_1_112' title='bbox 1794 1189 1843 1222; x_wconf 83' lang='lat' dir='ltr'>cui</span> 
     </span>
     <span class='ocr_line' id='line_1_17' title="bbox 384 1232 1846 1280; baseline -0.001 -11"><span class='ocrx_word' id='word_1_113' title='bbox 384 1247 491 1280; x_wconf 80' lang='lat' dir='ltr'><em>parem</em></span> <span class='ocrx_word' id='word_1_114' title='bbox 502 1239 644 1280; x_wconf 77' lang='lat' dir='ltr'>gratiam</span> <span class='ocrx_word' id='word_1_115' title='bbox 662 1234 773 1277; x_wconf 78' lang='lat' dir='ltr'>referre</span> <span class='ocrx_word' id='word_1_116' title='bbox 791 1235 926 1280; x_wconf 79' lang='lat' dir='ltr'>beneficio</span> <span class='ocrx_word' id='word_1_117' title='bbox 944 1243 994 1267; x_wconf 87' lang='lat' dir='ltr'>tuo</span> <span class='ocrx_word' id='word_1_118' title='bbox 1007 1232 1131 1278; x_wconf 78' lang='lat' dir='ltr'>poffitm,</span> <span class='ocrx_word' id='word_1_119' title='bbox 1149 1234 1176 1279; x_wconf 81' lang='lat' dir='ltr'>si</span> <span class='ocrx_word' id='word_1_120' title='bbox 1184 1235 1320 1278; x_wconf 83' lang='lat' dir='ltr'>precibus</span> <span class='ocrx_word' id='word_1_121' title='bbox 1337 1237 1412 1269; x_wconf 86' lang='lat' dir='ltr'>meis</span> <span class='ocrx_word' id='word_1_122' title='bbox 1431 1249 1468 1269; x_wconf 81' lang='lat' dir='ltr'>ex</span> <span class='ocrx_word' id='word_1_123' title='bbox 1484 1235 1691 1280; x_wconf 74' lang='lat' dir='ltr'>conficetudine</span> <span class='ocrx_word' id='word_1_124' title='bbox 1705 1236 1846 1269; x_wconf 71' lang='lat' dir='ltr'>bonitatis</span> 
     </span>
     <span class='ocr_line' id='line_1_18' title="bbox 389 1282 1844 1331; baseline 0 -14"><span class='ocrx_word' id='word_1_125' title='bbox 389 1293 444 1318; x_wconf 74' lang='lat' dir='ltr'>tuae</span> <span class='ocrx_word' id='word_1_126' title='bbox 460 1282 629 1328; x_wconf 79' lang='lat' dir='ltr'>indulseris.</span> <span class='ocrx_word' id='word_1_127' title='bbox 682 1283 764 1326; x_wconf 82' lang='lat' dir='ltr'><em>Rogo</em></span> <span class='ocrx_word' id='word_1_128' title='bbox 778 1293 859 1326; x_wconf 84' lang='lat' dir='ltr'>ergo,</span> <span class='ocrx_word' id='word_1_129' title='bbox 884 1291 917 1315; x_wconf 86' lang='lat' dir='ltr'>ut</span> <span class='ocrx_word' id='word_1_130' title='bbox 928 1283 1103 1324; x_wconf 82' lang='lat' dir='ltr'><em>propinquis</em></span> <span class='ocrx_word' id='word_1_131' title='bbox 1118 1284 1181 1322; x_wconf 87' lang='lat' dir='ltr'>ejus</span> <span class='ocrx_word' id='word_1_132' title='bbox 1198 1282 1249 1314; x_wconf 86' lang='lat' dir='ltr'>des</span> <span class='ocrx_word' id='word_1_133' title='bbox 1266 1283 1437 1324; x_wconf 77' lang='lat' dir='ltr'>civitatem,</span> <span class='ocrx_word' id='word_1_134' title='bbox 1465 1284 1614 1331; x_wconf 70' lang='lat' dir='ltr'><em>Chrfflppo</em></span> <span class='ocrx_word' id='word_1_135' title='bbox 1630 1283 1844 1325; x_wconf 75' lang='lat' dir='ltr'>Mithridatis,</span> 
     </span>
     <span class='ocr_line' id='line_1_19' title="bbox 389 1327 1844 1378; baseline -0.001 -12"><span class='ocrx_word' id='word_1_136' title='bbox 389 1333 532 1376; x_wconf 79' lang='lat' dir='ltr'>uxorique</span> <span class='ocrx_word' id='word_1_137' title='bbox 559 1329 705 1377; x_wconf 78' lang='lat' dir='ltr'><em>Chrysippi</em></span> <span class='ocrx_word' id='word_1_138' title='bbox 730 1330 906 1362; x_wconf 50' lang='lat' dir='ltr'>Stratonicae</span> <span class='ocrx_word' id='word_1_139' title='bbox 926 1329 1069 1371; x_wconf 81' lang='lat' dir='ltr'>Epigoni,</span> <span class='ocrx_word' id='word_1_140' title='bbox 1096 1329 1168 1361; x_wconf 83' lang='lat' dir='ltr'>item</span> <span class='ocrx_word' id='word_1_141' title='bbox 1195 1327 1297 1362; x_wconf 84' lang='lat' dir='ltr'>liberis</span> <span class='ocrx_word' id='word_1_142' title='bbox 1325 1328 1456 1373; x_wconf 72' lang='lat' dir='ltr'>ejusdem</span> <span class='ocrx_word' id='word_1_143' title='bbox 1475 1331 1622 1378; x_wconf 62' lang='lat' dir='ltr'><em>Chrffippi</em></span> <span class='ocrx_word' id='word_1_144' title='bbox 1646 1332 1781 1376; x_wconf 81' lang='lat' dir='ltr'><em>Epigono</em></span> <span class='ocrx_word' id='word_1_145' title='bbox 1806 1329 1844 1365; x_wconf 60' lang='grc' dir='ltr'>(ῤ’</span> 
     </span>
     <span class='ocr_line' id='line_1_20' title="bbox 389 1375 1845 1422; baseline 0.001 -11"><span class='ocrx_word' id='word_1_146' title='bbox 389 1378 591 1419; x_wconf 83' lang='lat' dir='ltr'>Mithridati,</span> <span class='ocrx_word' id='word_1_147' title='bbox 618 1377 704 1410; x_wconf 86' lang='lat' dir='ltr'>ITA</span> <span class='ocrx_word' id='word_1_148' title='bbox 729 1375 795 1411; x_wconf 82' lang='lat' dir='ltr'>VT</span> <span class='ocrx_word' id='word_1_149' title='bbox 813 1376 943 1410; x_wconf 81' lang='lat' dir='ltr'><em>SINT</em></span> <span class='ocrx_word' id='word_1_150' title='bbox 962 1376 1023 1409; x_wconf 94' lang='lat' dir='ltr'>IN</span> <span class='ocrx_word' id='word_1_151' title='bbox 1043 1375 1232 1410; x_wconf 89' lang='lat' dir='ltr'><em>PATRIS</em></span> <span class='ocrx_word' id='word_1_152' title='bbox 1258 1376 1323 1410; x_wconf 89' lang='grc' dir='ltr'>ΡΟ</span> <span class='ocrx_word' id='word_1_153' title='bbox 1335 1377 1430 1411; x_wconf 85' lang='lat' dir='ltr'>TES</span> <span class='ocrx_word' id='word_1_154' title='bbox 1441 1377 1499 1412; x_wconf 86' lang='lat' dir='ltr'>TA</span> <span class='ocrx_word' id='word_1_155' title='bbox 1511 1379 1590 1420; x_wconf 89' lang='lat' dir='ltr'>TE,</span> <span class='ocrx_word' id='word_1_156' title='bbox 1624 1387 1718 1422; x_wconf 76' lang='lat' dir='ltr'>atque</span> <span class='ocrx_word' id='word_1_157' title='bbox 1746 1380 1783 1412; x_wconf 80' lang='lat' dir='ltr'>iis</span> <span class='ocrx_word' id='word_1_158' title='bbox 1813 1380 1845 1412; x_wconf 83' lang='lat' dir='ltr'>in</span> 
     </span>
     <span class='ocr_line' id='line_1_21' title="bbox 389 1423 1845 1473; baseline 0.001 -14"><span class='ocrx_word' id='word_1_159' title='bbox 389 1427 508 1460; x_wconf 85' lang='lat' dir='ltr'>libertos</span> <span class='ocrx_word' id='word_1_160' title='bbox 533 1425 672 1469; x_wconf 79' lang='lat' dir='ltr'>servetur</span> <span class='ocrx_word' id='word_1_161' title='bbox 688 1425 739 1466; x_wconf 88' lang='lat' dir='ltr'>jus</span> <span class='ocrx_word' id='word_1_162' title='bbox 761 1425 972 1458; x_wconf 83' lang='lat' dir='ltr'>Patronorum.</span> <span class='ocrx_word' id='word_1_163' title='bbox 1026 1424 1104 1456; x_wconf 84' lang='lat' dir='ltr'>Item</span> <span class='ocrx_word' id='word_1_164' title='bbox 1129 1434 1199 1467; x_wconf 81' lang='lat' dir='ltr'><em>rogo</em></span> <span class='ocrx_word' id='word_1_165' title='bbox 1225 1423 1378 1468; x_wconf 68' lang='lat' dir='ltr'>indulgeas</span> <span class='ocrx_word' id='word_1_166' title='bbox 1403 1426 1456 1466; x_wconf 84' lang='lat' dir='ltr'>jus</span> <span class='ocrx_word' id='word_1_167' title='bbox 1481 1425 1660 1473; x_wconf 77' lang='lat' dir='ltr'><em>Qritium</em></span> <span class='ocrx_word' id='word_1_168' title='bbox 1677 1426 1720 1460; x_wconf 87' lang='lat' dir='ltr'>L.</span> <span class='ocrx_word' id='word_1_169' title='bbox 1739 1427 1845 1466; x_wconf 68' lang='lat' dir='ltr'>,Satrio</span> 
     </span>
     <span class='ocr_line' id='line_1_22' title="bbox 390 1468 1846 1518; baseline 0 -10"><span class='ocrx_word' id='word_1_170' title='bbox 390 1473 584 1518; x_wconf 75' lang='lat' dir='ltr'>Abascantio,</span> <span class='ocrx_word' id='word_1_171' title='bbox 611 1469 648 1505; x_wconf 73' lang='lat'>&amp;¹</span> <span class='ocrx_word' id='word_1_172' title='bbox 666 1471 701 1505; x_wconf 90' lang='lat' dir='ltr'>P.</span> <span class='ocrx_word' id='word_1_173' title='bbox 720 1470 805 1517; x_wconf 81' lang='lat' dir='ltr'><em>Caefio</em></span> <span class='ocrx_word' id='word_1_174' title='bbox 822 1469 996 1516; x_wconf 78' lang='lat' dir='ltr'><em>Phosphoro,</em></span> <span class='ocrx_word' id='word_1_175' title='bbox 1022 1468 1060 1504; x_wconf 64' lang='grc' dir='ltr'>ὠ·</span> <span class='ocrx_word' id='word_1_176' title='bbox 1083 1471 1258 1505; x_wconf 50' lang='lat' dir='ltr'>Panchariae</span> <span class='ocrx_word' id='word_1_177' title='bbox 1275 1473 1419 1514; x_wconf 82' lang='lat' dir='ltr'>Soteridi,</span> <span class='ocrx_word' id='word_1_178' title='bbox 1444 1476 1519 1517; x_wconf 77' lang='lat' dir='ltr'>quod</span> <span class='ocrx_word' id='word_1_179' title='bbox 1545 1485 1565 1507; x_wconf 70' lang='lat' dir='ltr'><em>a</em></span> <span class='ocrx_word' id='word_1_180' title='bbox 1597 1473 1630 1507; x_wconf 87' lang='lat' dir='ltr'><em>T</em></span> <span class='ocrx_word' id='word_1_181' title='bbox 1626 1486 1653 1515; x_wconf 85' lang='lat' dir='ltr'>e,</span> <span class='ocrx_word' id='word_1_182' title='bbox 1680 1474 1846 1508; x_wconf 78' lang='lat' dir='ltr'>volentibus</span> 
     </span>
     <span class='ocr_line' id='line_1_23' title="bbox 391 1520 650 1563; baseline -0.008 -9"><span class='ocrx_word' id='word_1_183' title='bbox 391 1520 546 1562; x_wconf 84' lang='lat' dir='ltr'>Patronis,</span> <span class='ocrx_word' id='word_1_184' title='bbox 568 1528 650 1563; x_wconf 86' lang='lat' dir='ltr'>peto.</span> 
     </span>
    </p>

    <p class='ocr_par' dir='ltr' id='par_1_8' title="bbox 389 1563 1848 1758">
     <span class='ocr_line' id='line_1_24' title="bbox 441 1563 1848 1613; baseline -0.002 -12"><span class='ocrx_word' id='word_1_185' title='bbox 441 1566 701 1612; x_wconf 85' lang='lat' dir='ltr'>Emancipatio]</span> <span class='ocrx_word' id='word_1_186' title='bbox 740 1565 984 1612; x_wconf 87' lang='lat' dir='ltr'>Emancipatio</span> <span class='ocrx_word' id='word_1_187' title='bbox 1000 1563 1109 1612; x_wconf 82' lang='lat' dir='ltr'>(apud</span> <span class='ocrx_word' id='word_1_188' title='bbox 1127 1566 1264 1600; x_wconf 86' lang='lat' dir='ltr'>Graecos</span> <span class='ocrx_word' id='word_1_189' title='bbox 1280 1567 1436 1610; x_wconf 64' lang='grc' dir='ltr'>χωςαφεοᾶα,</span> <span class='ocrx_word' id='word_1_190' title='bbox 1463 1567 1626 1611; x_wconf 53' lang='lat' dir='ltr'>{ganiman</span> <span class='ocrx_word' id='word_1_191' title='bbox 1651 1571 1687 1604; x_wconf 90' lang='lat'>&amp;</span> <span class='ocrx_word' id='word_1_192' title='bbox 1706 1565 1848 1613; x_wconf 72' lang='grc' dir='ltr'>ἓκτηϊηως)</span> 
     </span>
     <span class='ocr_line' id='line_1_25' title="bbox 389 1611 1845 1664; baseline -0.001 -14"><span class='ocrx_word' id='word_1_193' title='bbox 389 1615 437 1651; x_wconf 82' lang='lat' dir='ltr'>est</span> <span class='ocrx_word' id='word_1_194' title='bbox 456 1613 540 1659; x_wconf 85' lang='lat' dir='ltr'>legis</span> <span class='ocrx_word' id='word_1_195' title='bbox 558 1614 661 1657; x_wconf 66' lang='lat' dir='ltr'>actio,</span> <span class='ocrx_word' id='word_1_196' title='bbox 689 1612 756 1659; x_wconf 63' lang='lat' dir='ltr'>quii</span> <span class='ocrx_word' id='word_1_197' title='bbox 774 1614 851 1659; x_wconf 84' lang='lat' dir='ltr'>quis</span> <span class='ocrx_word' id='word_1_198' title='bbox 866 1611 954 1659; x_wconf 86' lang='lat' dir='ltr'>apud</span> <span class='ocrx_word' id='word_1_199' title='bbox 971 1623 1225 1660; x_wconf 87' lang='lat' dir='ltr'>competentem</span> <span class='ocrx_word' id='word_1_200' title='bbox 1248 1613 1399 1661; x_wconf 86' lang='lat' dir='ltr'>judicem</span> <span class='ocrx_word' id='word_1_201' title='bbox 1419 1615 1463 1650; x_wconf 88' lang='lat' dir='ltr'>de</span> <span class='ocrx_word' id='word_1_202' title='bbox 1482 1617 1587 1650; x_wconf 80' lang='lat' dir='ltr'>Patris</span> <span class='ocrx_word' id='word_1_203' title='bbox 1602 1616 1764 1664; x_wconf 81' lang='lat' dir='ltr'>potestate</span> <span class='ocrx_word' id='word_1_204' title='bbox 1790 1614 1845 1649; x_wconf 88' lang='lat' dir='ltr'>di-</span> 
     </span>
     <span class='ocr_line' id='line_1_26' title="bbox 391 1659 1844 1712; baseline 0.001 -15"><span class='ocrx_word' id='word_1_205' title='bbox 391 1663 555 1697; x_wconf 86' lang='lat' dir='ltr'>mittitur.</span> <span class='ocrx_word' id='word_1_206' title='bbox 594 1662 784 1706; x_wconf 80' lang='lat' dir='ltr'>Mancipare</span> <span class='ocrx_word' id='word_1_207' title='bbox 800 1670 918 1695; x_wconf 85' lang='lat' dir='ltr'>autem</span> <span class='ocrx_word' id='word_1_208' title='bbox 936 1659 986 1694; x_wconf 86' lang='lat' dir='ltr'>vel</span> <span class='ocrx_word' id='word_1_209' title='bbox 1005 1662 1150 1707; x_wconf 78' lang='lat' dir='ltr'>mancipio</span> <span class='ocrx_word' id='word_1_210' title='bbox 1168 1662 1240 1696; x_wconf 83' lang='lat' dir='ltr'>dare</span> <span class='ocrx_word' id='word_1_211' title='bbox 1258 1664 1395 1710; x_wconf 69' lang='lat' dir='ltr'>proprie</span> <span class='ocrx_word' id='word_1_212' title='bbox 1411 1662 1578 1708; x_wconf 84' lang='lat' dir='ltr'>fignificat</span> <span class='ocrx_word' id='word_1_213' title='bbox 1596 1665 1844 1712; x_wconf 75' lang='lat' dir='ltr'>proprietatem</span> 
     </span>
     <span class='ocr_line' id='line_1_27' title="bbox 392 1707 1560 1758; baseline 0.003 -14"><span class='ocrx_word' id='word_1_214' title='bbox 392 1711 441 1745; x_wconf 86' lang='lat' dir='ltr'>rei</span> <span class='ocrx_word' id='word_1_215' title='bbox 456 1709 598 1756; x_wconf 81' lang='lat' dir='ltr'>alicujus</span> <span class='ocrx_word' id='word_1_216' title='bbox 616 1709 718 1744; x_wconf 87' lang='lat' dir='ltr'>alicui</span> <span class='ocrx_word' id='word_1_217' title='bbox 736 1707 882 1751; x_wconf 85' lang='lat' dir='ltr'>tradere,</span> <span class='ocrx_word' id='word_1_218' title='bbox 910 1707 1000 1742; x_wconf 87' lang='lat' dir='ltr'>unde</span> <span class='ocrx_word' id='word_1_219' title='bbox 1017 1708 1192 1754; x_wconf 83' lang='lat' dir='ltr'>eleganter</span> <span class='ocrx_word' id='word_1_220' title='bbox 1201 1709 1368 1745; x_wconf 85' lang='lat' dir='ltr'><em>Lucretius</em></span> <span class='ocrx_word' id='word_1_221' title='bbox 1382 1724 1414 1758; x_wconf 84' lang='lat'>3.</span> <span class='ocrx_word' id='word_1_222' title='bbox 1434 1724 1462 1746; x_wconf 91' lang='lat' dir='ltr'>v.</span> <span class='ocrx_word' id='word_1_223' title='bbox 1478 1712 1560 1758; x_wconf 86' lang='lat'>985.</span> 
     </span>
    </p>
   </div>
   <div class='ocr_carea' id='block_1_7' title="bbox 392 1753 1730 1868">
    <p class='ocr_par' dir='ltr' id='par_1_9' title="bbox 392 1753 1730 1868">
     <span class='ocr_line' id='line_1_28' title="bbox 729 1753 1730 1818; baseline 0 -11"><span class='ocrx_word' id='word_1_224' title='bbox 729 1773 861 1818; x_wconf 73' lang='lat' dir='ltr'>Vimque</span> <span class='ocrx_word' id='word_1_225' title='bbox 877 1771 955 1806; x_wconf 91' lang='lat' dir='ltr'>MA</span> <span class='ocrx_word' id='word_1_226' title='bbox 963 1773 1000 1806; x_wconf 94' lang='lat' dir='ltr'><strong><em>N</em></strong></span> <span class='ocrx_word' id='word_1_227' title='bbox 1003 1773 1032 1807; x_wconf 90' lang='lat' dir='ltr'><em>C</em></span> <span class='ocrx_word' id='word_1_228' title='bbox 1039 1774 1056 1806; x_wconf 78' lang='lat' dir='ltr'><em>I</em></span> <span class='ocrx_word' id='word_1_229' title='bbox 1064 1774 1089 1807; x_wconf 89' lang='lat' dir='ltr'><strong><em>P</em></strong></span> <span class='ocrx_word' id='word_1_230' title='bbox 1096 1774 1115 1807; x_wconf 93' lang='lat' dir='ltr'><em>I</em></span> <span class='ocrx_word' id='word_1_231' title='bbox 1120 1776 1149 1807; x_wconf 91' lang='grc' dir='ltr'>Ο</span> <span class='ocrx_word' id='word_1_232' title='bbox 1167 1774 1242 1807; x_wconf 83' lang='lat' dir='ltr'><em>nulli</em></span> <span class='ocrx_word' id='word_1_233' title='bbox 1259 1774 1326 1808; x_wconf 83' lang='lat' dir='ltr'>DA</span> <span class='ocrx_word' id='word_1_234' title='bbox 1337 1772 1371 1806; x_wconf 92' lang='lat' dir='ltr'><em>T</em></span> <span class='ocrx_word' id='word_1_235' title='bbox 1374 1775 1447 1816; x_wconf 81' lang='lat' dir='ltr'>VR,</span> <span class='ocrx_word' id='word_1_236' title='bbox 1471 1775 1604 1809; x_wconf 76' lang='lat' dir='ltr'><em>omnibus</em></span> <span class='ocrx_word' id='word_1_237' title='bbox 1622 1774 1680 1810; x_wconf 74' lang='lat' dir='ltr'>VS</span> <span class='ocrx_word' id='word_1_238' title='bbox 1691 1753 1730 1809; x_wconf 27' lang='lat'>1⁷.-</span> 
     </span>
     <span class='ocr_line' id='line_1_29' title="bbox 392 1819 928 1868; baseline -0.002 -13"><span class='ocrx_word' id='word_1_239' title='bbox 392 1822 436 1855; x_wconf 84' lang='lat' dir='ltr'>Et</span> <span class='ocrx_word' id='word_1_240' title='bbox 450 1821 554 1855; x_wconf 83' lang='lat' dir='ltr'><em>Plaut.</em></span> <span class='ocrx_word' id='word_1_241' title='bbox 574 1823 666 1868; x_wconf 81' lang='lat' dir='ltr'><em>Syrus</em></span> <span class='ocrx_word' id='word_1_242' title='bbox 682 1819 928 1865; x_wconf 79' lang='lat' dir='ltr'><em>Mimographus.</em></span> 
     </span>
    </p>
   </div>
   <div class='ocr_carea' id='block_1_8' title="bbox 392 1875 1626 1968">
    <p class='ocr_par' dir='ltr' id='par_1_10' title="bbox 392 1875 1626 1968">
     <span class='ocr_line' id='line_1_30' title="bbox 724 1875 1626 1920; baseline 0.002 -11"><span class='ocrx_word' id='word_1_243' title='bbox 724 1877 853 1910; x_wconf 83' lang='lat' dir='ltr'><em>Fortuna</em></span> <span class='ocrx_word' id='word_1_244' title='bbox 874 1877 929 1911; x_wconf 88' lang='lat' dir='ltr'>VS</span> <span class='ocrx_word' id='word_1_245' title='bbox 936 1876 966 1911; x_wconf 92' lang='lat' dir='ltr'><em>V</em></span> <span class='ocrx_word' id='word_1_246' title='bbox 983 1875 1092 1910; x_wconf 85' lang='lat' dir='ltr'>DAT</span> <span class='ocrx_word' id='word_1_247' title='bbox 1111 1876 1222 1920; x_wconf 80' lang='lat' dir='ltr'>multa,</span> <span class='ocrx_word' id='word_1_248' title='bbox 1247 1876 1323 1911; x_wconf 80' lang='lat' dir='ltr'>MA</span> <span class='ocrx_word' id='word_1_249' title='bbox 1334 1877 1371 1912; x_wconf 93' lang='lat' dir='ltr'><strong><em>N</em></strong></span> <span class='ocrx_word' id='word_1_250' title='bbox 1373 1878 1423 1912; x_wconf 90' lang='lat' dir='ltr'>CI</span> <span class='ocrx_word' id='word_1_251' title='bbox 1429 1877 1455 1910; x_wconf 87' lang='lat' dir='ltr'><em>P</em></span> <span class='ocrx_word' id='word_1_252' title='bbox 1463 1879 1484 1912; x_wconf 93' lang='lat' dir='ltr'><strong><em>I</em></strong></span> <span class='ocrx_word' id='word_1_253' title='bbox 1492 1880 1522 1912; x_wconf 93' lang='grc' dir='ltr'><em>Ο</em></span> <span class='ocrx_word' id='word_1_254' title='bbox 1541 1878 1626 1912; x_wconf 84' lang='lat' dir='ltr'><em>nihil.</em></span> 
     </span>
     <span class='ocr_line' id='line_1_31' title="bbox 392 1921 867 1968; baseline 0 -10"><span class='ocrx_word' id='word_1_255' title='bbox 392 1924 436 1958; x_wconf 77' lang='lat' dir='ltr'>Et</span> <span class='ocrx_word' id='word_1_256' title='bbox 449 1923 532 1958; x_wconf 83' lang='lat' dir='ltr'><em>Hor.</em></span> <span class='ocrx_word' id='word_1_257' title='bbox 548 1922 651 1968; x_wconf 86' lang='lat' dir='ltr'>Epist.</span> <span class='ocrx_word' id='word_1_258' title='bbox 666 1934 699 1958; x_wconf 84' lang='lat'>2.</span> <span class='ocrx_word' id='word_1_259' title='bbox 722 1921 798 1957; x_wconf 85' lang='lat' dir='ltr'>Lib.</span> <span class='ocrx_word' id='word_1_260' title='bbox 813 1935 844 1957; x_wconf 88' lang='lat'>2.</span> <span class='ocrx_word' id='word_1_261' title='bbox 863 1954 867 1958; x_wconf 92' lang='grc'><em>,</em></span> 
     </span>
    </p>
   </div>
   <div class='ocr_carea' id='block_1_9' title="bbox 726 1976 1690 2026">
    <p class='ocr_par' dir='ltr' id='par_1_11' title="bbox 726 1976 1690 2026">
     <span class='ocr_line' id='line_1_32' title="bbox 726 1976 1690 2026; baseline 0.001 -16"><span class='ocrx_word' id='word_1_262' title='bbox 726 1976 897 2026; x_wconf 61' lang='lat' dir='ltr'>Quodam,</span> <span class='ocrx_word' id='word_1_263' title='bbox 916 1978 944 2023; x_wconf 83' lang='lat' dir='ltr'><strong><em>fi</em></strong></span> <span class='ocrx_word' id='word_1_264' title='bbox 961 1982 1052 2016; x_wconf 61' lang='lat' dir='ltr'><em>credo</em></span> <span class='ocrx_word' id='word_1_265' title='bbox 1070 1978 1234 2025; x_wconf 80' lang='lat' dir='ltr'>Consultis,</span> <span class='ocrx_word' id='word_1_266' title='bbox 1259 1979 1336 2014; x_wconf 90' lang='lat' dir='ltr'>MA</span> <span class='ocrx_word' id='word_1_267' title='bbox 1344 1981 1500 2015; x_wconf 84' lang='lat' dir='ltr'><em>NCIPA</em></span> <span class='ocrx_word' id='word_1_268' title='bbox 1510 1980 1540 2014; x_wconf 92' lang='lat' dir='ltr'><em>T</em></span> <span class='ocrx_word' id='word_1_269' title='bbox 1559 1979 1690 2015; x_wconf 79' lang='lat' dir='ltr'><em>VSVS.</em></span> 
     </span>
    </p>
   </div>
   <div class='ocr_carea' id='block_1_10' title="bbox 389 2039 1843 2280">
    <p class='ocr_par' dir='ltr' id='par_1_12' title="bbox 389 2039 1843 2184">
     <span class='ocr_line' id='line_1_33' title="bbox 438 2039 1843 2089; baseline 0.003 -18"><span class='ocrx_word' id='word_1_270' title='bbox 438 2039 584 2075; x_wconf 82' lang='lat' dir='ltr'>Veteres</span> <span class='ocrx_word' id='word_1_271' title='bbox 602 2049 680 2074; x_wconf 87' lang='lat' dir='ltr'>vero</span> <span class='ocrx_word' id='word_1_272' title='bbox 694 2052 763 2073; x_wconf 86' lang='lat' dir='ltr'>non</span> <span class='ocrx_word' id='word_1_273' title='bbox 783 2040 892 2074; x_wconf 76' lang='lat' dir='ltr'>minus</span> <span class='ocrx_word' id='word_1_274' title='bbox 909 2039 1013 2075; x_wconf 85' lang='lat' dir='ltr'>verbo</span> <span class='ocrx_word' id='word_1_275' title='bbox 1040 2043 1253 2089; x_wconf 84' lang='lat' dir='ltr'>emancipare</span> <span class='ocrx_word' id='word_1_276' title='bbox 1283 2054 1384 2089; x_wconf 84' lang='lat' dir='ltr'>quam</span> <span class='ocrx_word' id='word_1_277' title='bbox 1403 2043 1593 2089; x_wconf 81' lang='lat' dir='ltr'>mancipare</span> <span class='ocrx_word' id='word_1_278' title='bbox 1618 2051 1762 2076; x_wconf 83' lang='lat' dir='ltr'>utuntur</span> <span class='ocrx_word' id='word_1_279' title='bbox 1781 2055 1843 2089; x_wconf 76' lang='lat' dir='ltr'>pro</span> 
     </span>
     <span class='ocr_line' id='line_1_34' title="bbox 389 2085 1842 2133; baseline 0.003 -13"><span class='ocrx_word' id='word_1_280' title='bbox 389 2088 564 2133; x_wconf 82' lang='lat' dir='ltr'>mancipio</span> <span class='ocrx_word' id='word_1_281' title='bbox 582 2085 677 2130; x_wconf 87' lang='lat' dir='ltr'>dare,</span> <span class='ocrx_word' id='word_1_282' title='bbox 703 2085 848 2129; x_wconf 82' lang='lat' dir='ltr'>tradere,</span> <span class='ocrx_word' id='word_1_283' title='bbox 865 2088 1022 2132; x_wconf 83' lang='lat' dir='ltr'>vendere,</span> <span class='ocrx_word' id='word_1_284' title='bbox 1045 2089 1203 2125; x_wconf 71' lang='lat' dir='ltr'>alienare,</span> <span class='ocrx_word' id='word_1_285' title='bbox 1255 2089 1329 2125; x_wconf 90' lang='lat' dir='ltr'>Cic.</span> <span class='ocrx_word' id='word_1_286' title='bbox 1344 2089 1387 2125; x_wconf 83' lang='lat' dir='ltr'>dc</span> <span class='ocrx_word' id='word_1_287' title='bbox 1405 2091 1536 2125; x_wconf 64' lang='lat' dir='ltr'>Seueet.</span> <span class='ocrx_word' id='word_1_288' title='bbox 1552 2093 1678 2126; x_wconf 76' lang='lat' dir='ltr'><em>-—-Im</em></span> <span class='ocrx_word' id='word_1_289' title='bbox 1698 2091 1842 2126; x_wconf 66' lang='lat' dir='ltr'>Senectus</span> 
     </span>
     <span class='ocr_line' id='line_1_35' title="bbox 392 2133 1269 2184; baseline 0.006 -17"><span class='ocrx_word' id='word_1_290' title='bbox 392 2133 506 2178; x_wconf 75' lang='lat' dir='ltr'>honesta</span> <span class='ocrx_word' id='word_1_291' title='bbox 523 2133 572 2180; x_wconf 82' lang='lat' dir='ltr'>est,</span> <span class='ocrx_word' id='word_1_292' title='bbox 590 2134 618 2179; x_wconf 83' lang='lat' dir='ltr'><em>fi</em></span> <span class='ocrx_word' id='word_1_293' title='bbox 634 2136 745 2170; x_wconf 84' lang='lat' dir='ltr'>nemini</span> <span class='ocrx_word' id='word_1_294' title='bbox 760 2136 874 2171; x_wconf 86' lang='lat' dir='ltr'>EMA</span> <span class='ocrx_word' id='word_1_295' title='bbox 882 2138 918 2171; x_wconf 95' lang='lat' dir='ltr'><strong><em>N</em></strong></span> <span class='ocrx_word' id='word_1_296' title='bbox 920 2138 949 2172; x_wconf 87' lang='lat' dir='ltr'><em>C</em></span> <span class='ocrx_word' id='word_1_297' title='bbox 955 2139 972 2172; x_wconf 92' lang='grc' dir='ltr'><em>Ι</em></span> <span class='ocrx_word' id='word_1_298' title='bbox 978 2140 1036 2173; x_wconf 87' lang='lat' dir='ltr'>PA</span> <span class='ocrx_word' id='word_1_299' title='bbox 1047 2139 1105 2174; x_wconf 84' lang='lat' dir='ltr'>TA</span> <span class='ocrx_word' id='word_1_300' title='bbox 1131 2138 1269 2184; x_wconf 88' lang='lat' dir='ltr'>est.--</span> 
     </span>
    </p>

    <p class='ocr_par' dir='ltr' id='par_1_13' title="bbox 392 2181 1379 2280">
     <span class='ocr_line' id='line_1_36' title="bbox 392 2181 760 2228; baseline 0.003 -12"><span class='ocrx_word' id='word_1_301' title='bbox 392 2183 471 2216; x_wconf 80' lang='lat' dir='ltr'><em>Hor.</em></span> <span class='ocrx_word' id='word_1_302' title='bbox 490 2181 596 2228; x_wconf 82' lang='lat' dir='ltr'>Epod.</span> <span class='ocrx_word' id='word_1_303' title='bbox 615 2194 648 2223; x_wconf 90' lang='lat'>9.</span> <span class='ocrx_word' id='word_1_304' title='bbox 669 2195 760 2219; x_wconf 87' lang='lat' dir='ltr'><strong>v.12.</strong></span> 
     </span>
     <span class='ocr_line' id='line_1_37' title="bbox 728 2231 1379 2280; baseline 0.002 -15"><span class='ocrx_word' id='word_1_305' title='bbox 728 2231 883 2267; x_wconf 76' lang='lat' dir='ltr'><em>Romanus</em></span> <span class='ocrx_word' id='word_1_306' title='bbox 913 2233 1030 2274; x_wconf 69' lang='lat' dir='ltr'>selaeu!</span> <span class='ocrx_word' id='word_1_307' title='bbox 1056 2232 1163 2280; x_wconf 84' lang='lat' dir='ltr'><em>Posteri</em></span> <span class='ocrx_word' id='word_1_308' title='bbox 1184 2233 1336 2278; x_wconf 81' lang='lat' dir='ltr'>negabitis</span> <span class='ocrx_word' id='word_1_309' title='bbox 1349 2232 1379 2279; x_wconf 85' lang='lat'>3)</span> 
     </span>
    </p>
   </div>
   <div class='ocr_carea' id='block_1_11' title="bbox 825 2279 1364 2317">
    <p class='ocr_par' dir='ltr' id='par_1_14' title="bbox 825 2279 1364 2317">
     <span class='ocr_line' id='line_1_38' title="bbox 825 2279 1364 2317; baseline 0.002 -3"><span class='ocrx_word' id='word_1_310' title='bbox 825 2282 854 2314; x_wconf 86' lang='grc' dir='ltr'><em>Ε</em></span> <span class='ocrx_word' id='word_1_311' title='bbox 866 2279 943 2314; x_wconf 87' lang='lat' dir='ltr'>MA</span> <span class='ocrx_word' id='word_1_312' title='bbox 953 2282 1110 2317; x_wconf 84' lang='lat' dir='ltr'><em>NCIPA</em></span> <span class='ocrx_word' id='word_1_313' title='bbox 1119 2282 1209 2317; x_wconf 86' lang='lat' dir='ltr'>TVS</span> <span class='ocrx_word' id='word_1_314' title='bbox 1232 2283 1364 2315; x_wconf 77' lang='lat' dir='ltr'>Foeminae.</span> 
     </span>
    </p>
   </div>
   <div class='ocr_carea' id='block_1_12' title="bbox 392 2326 1199 2417">
    <p class='ocr_par' dir='ltr' id='par_1_15' title="bbox 392 2326 1199 2417">
     <span class='ocr_line' id='line_1_39' title="bbox 728 2326 1199 2365; baseline 0.004 -4"><span class='ocrx_word' id='word_1_315' title='bbox 728 2328 796 2361; x_wconf 86' lang='lat' dir='ltr'>Fert</span> <span class='ocrx_word' id='word_1_316' title='bbox 813 2330 926 2362; x_wconf 65' lang='lat' dir='ltr'><em>vallum</em></span> <span class='ocrx_word' id='word_1_317' title='bbox 944 2326 981 2362; x_wconf 58' lang='grc' dir='ltr'><strong><em>ὠ</em></strong></span> <span class='ocrx_word' id='word_1_318' title='bbox 1001 2341 1087 2365; x_wconf 68' lang='lat' dir='ltr'>arma</span> <span class='ocrx_word' id='word_1_319' title='bbox 1105 2330 1199 2365; x_wconf 81' lang='lat' dir='ltr'>miles.</span> 
     </span>
     <span class='ocr_line' id='line_1_40' title="bbox 392 2371 972 2417; baseline 0.005 -11"><span class='ocrx_word' id='word_1_320' title='bbox 392 2371 416 2406; x_wconf 74' lang='lat' dir='ltr'>i.</span> <span class='ocrx_word' id='word_1_321' title='bbox 437 2383 465 2406; x_wconf 84' lang='lat' dir='ltr'>e.</span> <span class='ocrx_word' id='word_1_322' title='bbox 494 2371 701 2414; x_wconf 50' lang='lat' dir='ltr'>&amp;homoissth‘</span> <span class='ocrx_word' id='word_1_323' title='bbox 717 2375 752 2416; x_wconf 61' lang='grc' dir='ltr'>τῇ</span> <span class='ocrx_word' id='word_1_324' title='bbox 768 2375 972 2417; x_wconf 51' lang='grc' dir='ltr'>γυναικί-</span> 
     </span>
    </p>
   </div>
   <div class='ocr_carea' id='block_1_13' title="bbox 1210 2349 1338 2358">
    <p class='ocr_par' dir='ltr' id='par_1_16' title="bbox 1210 2349 1338 2358">
     <span class='ocr_line' id='line_1_41' title="bbox 1210 2349 1338 2358; baseline 0 454"><span class='ocrx_word' id='word_1_325' title='bbox 1210 2349 1338 2358; x_wconf 95' lang='lat' dir='ltr'> </span> 
     </span>
    </p>
   </div>
   <div class='ocr_carea' id='block_1_14' title="bbox 1581 2423 1840 2478">
    <p class='ocr_par' dir='ltr' id='par_1_17' title="bbox 1581 2423 1840 2478">
     <span class='ocr_line' id='line_1_42' title="bbox 1581 2423 1840 2478; baseline 0.004 -14"><span class='ocrx_word' id='word_1_326' title='bbox 1581 2433 1614 2465; x_wconf 84' lang='lat'>6.</span> <span class='ocrx_word' id='word_1_327' title='bbox 1651 2423 1840 2478; x_wconf 77' lang='lat' dir='ltr'>Dignitas</span> 
     </span>
    </p>
   </div>
  </div>
 </body>
</html>
