2059 2812
677 150 791 204 Lib.
821 150 860 204 I.
934 149 1031 205 Tit.
1062 150 1180 205 XV:
1578 155 1642 214 51

267 270 301 305 3,
333 254 430 293 Sunt
450 258 584 292 autem
613 251 764 305 Agnati
796 250 959 306 cognati
985 265 1057 305 per
1081 250 1212 293 virilis
1230 249 1338 292 sexus
1362 250 1644 304 cognationem

209 314 426 369 conjuncti,
454 312 560 367 quasi
579 327 600 353 a
619 322 732 367 patre
760 313 947 367 cognati,
990 313 1115 354 veluti
1143 312 1271 354 frater
1287 314 1429 355 eodem
1447 323 1559 367 patre
1579 326 1647 352 na=

207 393 282 428 tus,
310 378 447 419 fratris
473 378 588 427 filius,
619 393 665 419 ex
689 391 817 430 eoque
846 390 983 430 nepos,
1011 383 1047 419 &
1075 376 1224 418 fimiles.
1284 383 1442 421 Horum
1462 376 1646 419 conditio

205 443 292 496 jure
312 440 440 480 veteri
460 441 501 482 in
520 439 705 494 plurimis
732 437 940 493 praestabat
958 439 1184 480 conditioni
1201 441 1481 494 Cognatorum
1501 440 1646 494 specia-

209 504 280 544 tim
299 502 519 546 dictorum.

254 616 374 651 Soron
401 623 542 658 agnatos
568 625 586 647 a
604 610 708 647 tutela
739 610 927 659 prohibuit,
954 612 1079 647 veritus
1097 611 1324 658 proculdubio
1345 624 1384 647 ne
1407 610 1647 654 hereditatem,

206 674 306 708 quam
336 661 516 710 sperarent,
540 672 658 707 capere
689 660 844 702 mallent,
870 671 972 706 quam
990 661 1179 707 expectare.
1231 661 1321 695 Hinc
1354 662 1468 705 potius
1495 661 1648 703 cognatis

207 709 357 744 credidit
386 708 546 756 pupillos,
571 718 632 741 nec
661 708 821 753 proximis
851 716 962 741 tamen
995 705 1135 753 semper,
1159 706 1215 741 sed
1244 707 1462 754 quoscunque
1479 709 1646 741 Archontes

208 757 349 792 idoneos
366 753 577 802 judicassent.
630 753 839 801 Pupillorum
860 755 937 788 vitae
954 753 1128 789 consulere
1146 767 1183 788 ac
1198 767 1314 789 cavere
1326 754 1436 789 voluit
1455 755 1518 788 hac
1535 755 1622 797 lege,

255 806 299 837 Μῆ
317 803 480 840 &eromuino
498 802 534 833 εἰς
550 801 579 833 zv
602 802 616 833 ἦ
640 801 694 833 &oia
716 801 825 846 ἔρχεται
848 801 895 833 πίν
913 802 1021 843 ὅρφωνων
1038 802 1448 837 πλωτηπίγτων,---Η3ῃς
1463 804 1579 838 Solonis
1599 801 1647 836 lev

207 863 283 895 gem
302 852 335 885 in
353 851 420 886 vitii
438 849 508 896 ejus
526 847 627 883 refert
642 850 794 894 Diogenes
811 851 965 884 Laertius.

255 899 478 934 Cunaonoas
497 906 615 932 contra
637 895 783 943 sejuneffi
805 897 1031 942 educationis,
1058 897 1292 943 bonorumque
1317 909 1410 939 cura,
1435 895 1526 931 illam
1547 906 1649 942 penes

207 955 381 989 cognatos,
407 945 491 979 hanc
510 956 610 990 penes
626 953 766 988 agnatos
784 944 849 979 effe
866 944 988 988 voluit,
1015 957 1118 992 quum
1148 957 1209 979 nec
1230 944 1283 980 illi
1310 942 1456 979 tollendi
1483 944 1503 978 ὲ
1530 942 1648 978 medio

208 992 345 1041 pupilli,
372 1004 432 1027 nec
450 992 485 1026 hi
502 991 758 1039 diffipandarum
772 991 969 1027 facultatum
985 991 1086 1027 ullam
1106 992 1268 1028 haberent
1284 991 1425 1027 causam.

257 1042 449 1075 chvmvs
476 1049 618 1084 agnatos
635 1041 810 1087 proximos
828 1039 870 1074 ad
897 1040 1039 1075 tutelam
1058 1041 1202 1083 vocavit,
1227 1038 1339 1074 forsan
1368 1039 1461 1086 quod
1492 1040 1527 1073 in
1553 1047 1649 1072 tanta

208 1091 423 1132 Spartanorum
438 1089 651 1122 continentia
669 1091 706 1123 δε
720 1098 916 1134 paupertate
930 1100 998 1122 non
1013 1086 1195 1123 admodum
1211 1096 1443 1122 metuerentur
1457 1084 1651 1120 infidae-n-

207 1134 407 1180 Exemplum
424 1134 584 1177 legitimae
601 1144 798 1178 agnatorum
821 1135 937 1170 tutelae
962 1135 1007 1169 est
1027 1134 1114 1182 apud
1131 1134 1347 1170 Herodotum
1372 1133 1450 1169 Lib.
1470 1145 1501 1169 1.
1517 1137 1574 1179 65.
1591 1131 1651 1167 ubi

210 1180 277 1225 ipsc
303 1182 479 1225 Lycurgus
505 1179 632 1213 dicitur
662 1180 838 1216 ἔᾶηποπιύπις
868 1183 1014 1213 Aeneam,
1035 1182 1178 1219 &anomia
1210 1182 1257 1221 fak)
1283 1181 1375 1217 ἑωύἰτὲ,
1399 1182 1594 1219 euna—odom&
1618 1181 1652 1212 δῖ

209 1227 400 1269 Σπαρπητέων,
410 1246 479 1252 ’ἡ
490 1226 583 1260 Tutor
600 1225 637 1261 &¹
655 1228 733 1261 idem
745 1229 878 1262 Patruus
894 1228 1027 1262 Leobotae
1041 1230 1270 1272 Spartiatarum
1282 1229 1382 1274 Regis.
1472 1229 1651 1273 Spartanos

210 1286 290 1318 ergo
309 1274 432 1307 imitati
455 1271 612 1307 videntur
631 1274 834 1316 Decemviri,
860 1274 1195 1309 Lacedaemoniorum
1224 1274 1298 1309 sane
1329 1288 1395 1310 non
1414 1276 1524 1309 minus
1548 1286 1651 1320 quam

210 1321 354 1355 aliorum
369 1321 565 1354 Graecorum
583 1318 744 1353 institutis
762 1320 795 1353 in
815 1331 894 1354 x11.
907 1319 1018 1354 Tabb.
1036 1322 1194 1367 receptis·
1233 1321 1359 1357 Satisne
1376 1334 1454 1356 vero
1468 1319 1653 1368 prudenter

209 1381 283 1403 eam
299 1368 535 1413 Spartanorum
551 1365 661 1409 legem
675 1366 811 1401 civitate
825 1366 989 1401 donarint
1003 1369 1209 1410 Decemviri,
1234 1367 1291 1402 alii
1309 1368 1651 1403 viderint.-—Non

209 1414 285 1450 sane
303 1424 395 1448 tanta
413 1423 484 1448 erat
499 1415 712 1457 Romanorum,
738 1426 861 1462 quanta
875 1415 1030 1450 Laconum
1045 1416 1257 1450 continentia
1273 1432 1284 1458 ;
1309 1428 1377 1450 non
1396 1415 1486 1451 idem
1516 1414 1653 1450 utrobi·

209 1474 278 1510 que
304 1461 502 1496 divitiarum
532 1471 756 1508 contemptus.
809 1463 899 1496 Hinc
930 1471 982 1496 tot
1010 1462 1211 1510 iniquiffimi
1238 1463 1469 1511 Heredipetae‚
1502 1474 1653 1512 quotum

209 1510 437 1544 cliara&erem
455 1509 590 1553 egregie
609 1507 838 1556 expresserunt
861 1507 985 1545 Perfius
1000 1510 1068 1544 Sat.
1085 1522 1118 1545 2.
1139 1523 1168 1545 v.
1184 1522 1237 1546 12.
1262 1523 1315 1557 13.

761 1565 944 1610 Pupillumve
962 1566 1091 1608 utinam,
1117 1576 1205 1612 quem
1216 1566 1372 1611 proximus
1389 1565 1498 1602 Hares

540 1612 670 1657 Impello‚
695 1615 890 1660 expungam!

210 1661 285 1706 Juv.
301 1659 366 1695 Sat.
380 1662 414 1694 6.
435 1671 466 1693 v.
487 1658 540 1705 38.

930 1707 1173 1743 ——Tollere
1189 1708 1305 1743 dulcem

545 1755 669 1799 Cogitat
686 1755 841 1798 horedem,
866 1757 1021 1790 cariturus
1038 1764 1155 1791 turture
1174 1766 1294 1800 magno,

545 1802 768 1848 Mullorumque
779 1803 870 1845 jubis,
896 1801 933 1837 (θ’
950 1813 1102 1849 captatore
1119 1804 1256 1837 macello.

213 1848 366 1883 ——Sat.
389 1860 443 1883 12.
462 1860 492 1883 v.
510 1860 565 1895 93.

551 1897 616 1930 Nec
627 1896 758 1942 suspec‘ia
774 1898 829 1931 tibi
839 1895 901 1943 fint
918 1898 988 1940 bac,
1013 1898 1138 1932 Corvine
1153 1912 1163 1931 .·
1187 1899 1343 1943 Catullus,

546 1946 604 1979 Pro
623 1946 700 1985 cujm
716 1944 815 1978 reditu
837 1954 882 1979 tot
893 1955 967 1990 pono
987 1946 1117 1989 altaria,
1139 1954 1246 1991 parvos

549 1992 623 2027 Tres
639 1991 728 2026 habet
748 1992 1020 2027 heredem——

214 2046 299 2081 Hor.
316 2045 382 2080 Sat.
399 2044 476 2080 Lib.
493 2058 528 2081 2.
547 2058 577 2093 5.
603 2058 632 2080 v.
651 2058 709 2093 23.

968 2096 1164 2139 ——Captes
1181 2095 1290 2142 astutus
1308 2097 1415 2141 ubique

550 2139 592 2173 Te
617 2151 740 2176 amenta
750 2142 858 2188 senum
876 2159 886 2185 ;
912 2155 984 2187 neu,
1005 2143 1032 2188 fi
1049 2142 1136 2186 vafer
1153 2157 1224 2180 unus
1242 2142 1280 2180 ὠ·
1297 2146 1378 2180 alter

548 2187 751 2234 Infidiatorem
768 2191 888 2236 prarofh
898 2190 1016 2237 fugerit
1032 2191 1132 2234 hamo,

548 2238 615 2270 Aut
624 2237 708 2284 spem
726 2239 864 2283 deponas,
890 2250 946 2274 aut
963 2249 1061 2275 artem
1081 2238 1183 2286 illusus
1200 2240 1334 2276 omittas.

220 2295 310 2333 Vide
331 2299 445 2334 etiam.
471 2299 641 2335 Martialis
659 2303 723 2349 Ep.
737 2302 816 2338 Lib.
829 2308 862 2339 6.
882 2305 944 2352 Ep.
961 2309 1017 2351 63.
1049 2307 1086 2340 &
1102 2303 1183 2341 Lib.
1199 2304 1232 2340 8.
1253 2306 1314 2351 Ep.
1331 2314 1388 2343 27.

943 2404 983 2441 G
1015 2419 1038 2442 2
1411 2414 1453 2452 4.
1482 2399 1660 2457 Cognati
