2059 2812
694 143 799 194 Lib.
844 142 881 194 I.
957 142 1054 195 Tit.
1093 143 1157 208 X.
1587 167 1650 215 35

270 261 306 286 2.
334 247 432 299 Jure
446 243 653 284 Canonico
674 249 708 285 &t
730 241 929 282 hodierno
948 242 1186 284 dividuntur
1201 244 1403 297 Sponsalia
1422 246 1463 285 in
1481 258 1540 294 ea,
1558 261 1646 301 quae

214 309 312 349 fiunt
331 308 371 347 de
384 307 573 361 preesenti‚
601 312 635 348 ὃ(
655 307 844 359 defletum.
898 306 972 346 Illa
990 307 1091 346 fiunt
1110 307 1298 348 consensu
1316 309 1502 363 praesenti
1521 330 1533 362 5
1563 310 1647 352 haec

214 372 463 428 promissione
483 373 524 412 in
544 372 738 413 futurum.

269 451 304 484 3.
335 436 536 490 Sponsalia
568 436 638 477 illa
668 436 717 475 de
749 435 933 488 praesenti
967 433 1183 476 secundum
1212 436 1270 490 jus
1299 438 1524 479 Romanum
1558 437 1649 478 sunt

211 499 337 553 ipsum
352 501 669 549 Matrimonium,
695 500 802 553 cujus
820 498 950 538 forma
969 499 1009 538 in
1028 499 1115 540 solo
1135 499 1324 540 consensu
1341 500 1525 543 consistit.

261 580 300 614 4.
330 565 490 617 Nuptiae
510 563 600 604 sunt
621 564 712 606 Viri
740 570 775 606 ὅς
794 562 977 605 Mulieris
1005 563 1254 618 conjunctio,
1282 562 1534 605 individuam
1553 566 1646 606 vitae

209 628 537 669 consuetudinem
565 631 786 670 continens.

267 709 303 742 5.
336 694 501 734 Dicitur
532 693 613 733 Viri
644 697 678 734 &
702 692 895 742 Mulieris,
924 702 967 733 ut
1001 691 1253 748 intelligatur
1284 691 1493 746 prohibita
1523 691 1651 733 fimul-

207 768 322 799 tanea
351 759 595 813 Polygarnia,
623 758 774 798 crimen
806 757 966 811 capitali
986 755 1110 810 poena
1134 756 1424 798 vindicandum.
1483 757 1649 799 Dicitur

211 823 424 878 Conjunhlio,
452 822 603 863 scilicet
621 824 845 863 animorum
866 837 947 862 non
966 834 1187 875 corporum
1206 843 1217 874 3
1247 822 1420 875 Nuptias
1437 823 1544 863 enim
1563 836 1649 863 non

208 886 468 934 Concubitus,
497 885 564 926 sed
584 885 805 926 Consensus
832 885 942 928 facit.
1000 886 1166 926 Dicitur
1184 886 1428 935 individuam,
1454 888 1546 940 quia
1567 889 1648 931 Vo-

207 961 308 999 tum,
340 948 583 1003 Animusque
601 950 926 991 contrahentium
945 950 1015 998 est,
1041 959 1085 989 ut
1110 951 1420 991 Matrimonium
1438 950 1484 990 fit
1503 950 1649 993 indivi-

208 1013 327 1054 duum
344 1033 355 1064 3
387 1017 537 1053 Praeter
565 1012 673 1066 spem
702 1014 808 1053 enim
843 1019 878 1055 &
903 1027 976 1067 per
995 1013 1191 1055 Accidens
1222 1015 1281 1063 fit,
1309 1015 1419 1068 quod
1449 1015 1649 1057 Divortio

206 1077 446 1130 quandoque
479 1076 695 1117 dividatur.
755 1078 918 1118 Dicitur
946 1078 1034 1118 vitoe
1063 1079 1348 1132 consuetudinem
1376 1080 1577 1132 continens,
1606 1079 1650 1122 id

207 1145 275 1190 est,
296 1142 400 1183 Vitae
416 1141 673 1189 Societatem,
701 1143 1036 1184 Communionem
1053 1142 1261 1197 utriusque
1280 1143 1473 1196 fortunae,
1500 1143 1650 1197 omnis:

208 1217 284 1256 que
307 1202 366 1240 rei
384 1201 546 1241 Divinae
564 1206 598 1241 ὃ(
618 1201 812 1242 humanae.

210 1312 248 1345 Et
263 1311 329 1344 Sat.
350 1321 401 1343 10.
423 1321 451 1342 v.
468 1312 548 1353 336.

776 1355 882 1390 Veniet
901 1368 968 1390 cum
983 1357 1306 1394 SIGNATORIBVS
1319 1357 1452 1405 Auspex.

208 1405 299 1439 Tum
322 1400 465 1450 Sponsus
491 1400 659 1436 Annulum
684 1401 888 1449 pronubum,
914 1402 1005 1449 quasi
1024 1404 1138 1439 Arrhae
1156 1404 1219 1440 five
1235 1407 1388 1454 pignoris
1411 1406 1506 1452 loco,
1529 1406 1642 1446 dabat,

207 1452 320 1499 Qem
339 1461 466 1485 morem
482 1448 656 1498 Juvenalis
668 1449 805 1485 indicat.
833 1451 900 1485 Sat.
918 1456 950 1485 6.
971 1464 1002 1487 v.
1016 1463 1072 1498 25.

540 1502 725 1534 Conventum
738 1507 854 1541 tamen,
876 1496 914 1534 &¹
930 1501 1069 1543 Paetum,
1084 1499 1122 1535 ό·
1132 1500 1301 1546 Sponsaelia,
1316 1501 1410 1548 nostra

539 1545 721 1592 Tempestate
734 1555 826 1590 paras
841 1562 851 1587 ;
880 1548 1009 1593 jamque
1027 1560 1047 1581 a
1066 1547 1189 1593 Tonfhre
1205 1547 1360 1594 Magistro

542 1594 681 1635 Pedem,
707 1592 743 1628 ά
759 1595 868 1639 Digito
884 1596 935 1629 PI
942 1596 1022 1630 GN
1025 1596 1056 1630 V
1055 1600 1080 1632 S
1094 1594 1220 1641 fortasse
1236 1595 1347 1640 dedisti.

208 1648 271 1682 His
289 1648 444 1695 peraffls,
470 1646 544 1681 dies
562 1648 686 1694 nuptiis
705 1646 918 1693 eligebatur;
944 1651 1030 1684 certi
1048 1651 1139 1685 enirn
1157 1648 1229 1685 dies
1244 1649 1324 1685 mali
1341 1651 1462 1686 ominis
1478 1651 1647 1690 habeban-

206 1705 261 1729 tur
275 1711 286 1736 ;
314 1704 350 1729 ut
368 1706 485 1729 omnes
502 1694 676 1738 Kalendae,
704 1697 831 1738 Nonae,
858 1694 949 1739 Idus,
976 1700 1013 1733 δε
1028 1699 1088 1744 qui
1105 1696 1179 1732 dies
1196 1710 1249 1733 eas
1267 1699 1421 1746 proxime
1436 1697 1625 1748 sequuntur
1639 1718 1653 1747 5

206 1753 279 1776 tum
299 1743 412 1777 Maius
425 1741 563 1785 Mensis,
591 1743 794 1786 Parentalia,
821 1742 990 1779 Saliorum
1007 1743 1124 1780 festum
1151 1749 1220 1781 &c.

254 1791 294 1823 N
299 1790 396 1836 uptiae
413 1789 697 1825 contrahebantur
726 1789 833 1825 tribus
851 1789 974 1834 modis,
995 1792 1065 1838 Usu
1083 1804 1217 1840 nempe,
1242 1792 1505 1839 Confasweafione,
1526 1799 1565 1832 &
1588 1799 1647 1834 Co-

207 1838 358 1882 emptione.
389 1837 504 1872 Primo
532 1850 621 1881 vsv,
647 1837 699 1872 vel
728 1836 940 1885 usurpatione
965 1839 1250 1876 contrahebantur
1267 1842 1404 1887 nuptiae,
1429 1843 1505 1877 cuin
1524 1843 1648 1881 mulier

206 1884 415 1919 matrimonii
445 1885 543 1920 causa
569 1898 657 1920 anno
684 1887 819 1930 integro
848 1889 886 1921 &
910 1888 1074 1922 continuo
1101 1900 1177 1923 cum
1200 1889 1274 1923 viro
1300 1887 1422 1924 fuisset.
1474 1890 1648 1936 Secundo,

206 1930 308 1966 fiebat
321 1932 581 1968 Matrimonium
600 1945 946 1977 consanam-mua,
972 1947 1049 1970 cum
1068 1937 1167 1971 certis
1184 1934 1294 1971 verbis
1307 1935 1484 1980 adhibitis,
1509 1937 1647 1975 testibus

207 1978 324 2013 decern
351 1979 574 2026 praesentibus‚
601 1979 797 2029 solennique
821 1982 994 2017 Sacrificio
1010 1982 1069 2030 (in
1087 1995 1157 2030 quo
1176 1996 1288 2020 FARRE
1311 1983 1507 2031 utebantur)
1531 1998 1646 2023 coram

209 2026 376 2061 Pontifice
395 2029 541 2073 peraeto,
569 2028 690 2063 mulier
707 2030 740 2064 in
759 2041 893 2064 manum
920 2031 982 2064 viri
1001 2029 1244 2074 conveniebat5
1283 2034 1320 2066 &
1339 2032 1417 2066 huic
1443 2031 1643 2069 Confarrea-

210 2074 295 2107 tioni
311 2076 478 2109 contraria
493 2074 559 2110 fuit
578 2088 868 2119 DIFFARREATIO,
888 2089 965 2112 cum
982 2080 1242 2114 Matrimonium
1259 2077 1423 2115 similibus
1440 2079 1563 2116 ritibus
1577 2080 1645 2117 dis-

210 2118 399 2156 solveretur.
453 2124 520 2157 Hic
537 2132 650 2158 autem
673 2135 744 2158 erat
762 2123 1010 2172 antiquissimus
1037 2129 1074 2160 δε
1098 2125 1306 2171 digniffimus
1323 2128 1533 2162 matrimonii
1564 2140 1644 2162 con·

210 2167 364 2202 trahendi
377 2168 509 2214 modus,
532 2169 619 2205 unde
636 2171 719 2213 γέμος
736 2171 805 2209 ’tu-⁷²¹
820 2172 865 2204 φὶς
881 2171 942 2213 ἱεςὲς
960 2174 1036 2214 νόμκς
1052 2172 1190 2209 dicitur.
1217 2175 1374 2221 Denique
1392 2186 1644 2217 COEMPTIONE,

212 2214 275 2247 hoc
293 2214 347 2256 est,
368 2217 563 2261 imaginaria
577 2221 764 2266 emptione,
791 2223 826 2254 δε
840 2219 1054 2263 venditione,
1076 2220 1203 2256 fiebant
1219 2223 1376 2269 Nuptiae,
1394 2221 1530 2269 quando
1545 2234 1643 2256 num-

211 2261 286 2303 mis,
311 2261 395 2297 dicis
412 2265 519 2307 causa,
544 2265 720 2310 adhibitis,
749 2267 869 2302 mulier
892 2269 926 2302 in
946 2268 1142 2316 potestatem
1159 2270 1235 2304 Viri
1254 2268 1423 2304 transibat.

259 2304 309 2342 De
338 2311 529 2355 nuptiarum
557 2312 749 2350 solennibus
780 2316 914 2363 copiose
941 2318 1012 2361 agit
1029 2319 1125 2352 Barn.
1145 2316 1329 2353 Briffonius
1345 2316 1388 2350 de
1408 2316 1476 2349 ritu
1492 2315 1642 2362 Nuptia-

212 2366 297 2389 rum.

980 2419 1066 2454 ΕΖ
1513 2418 1643 2458 6.Ut
