2059 2812
429 174 532 221 104
828 155 1090 206 Elementa
1120 153 1266 220 Juris
1297 154 1464 207 Civilis

962 256 1007 304 T
1044 270 1066 305 1
1106 271 1156 305 T.
1228 256 1318 304 IX.

609 355 707 405 Per
741 371 864 421 quas
895 353 1136 422 Personas
1173 354 1342 420 cuique
1371 355 1680 421 Aequiritur.

484 469 518 494 1.
551 452 792 506 Adquiritur
812 452 928 492 nobis
955 467 1034 492 non
1057 452 1183 492 solum
1211 465 1283 505 per
1304 465 1376 491 nos
1402 450 1521 504 ips05‚
1549 451 1616 492 sed
1641 459 1675 495 ὃ(
1703 468 1775 508 per
1802 468 1863 495 res

422 519 586 559 nostras.
644 517 754 572 Qia
776 529 872 556 vero
895 521 930 557 ὃ(
951 515 1055 556 servi
1079 516 1260 564 omnino,
1288 522 1322 558 ἃ
1345 515 1465 554 liberi
1490 515 1648 555 ratione
1679 519 1802 570 patris
1823 519 1864 558 in

423 579 540 620 claffe
567 594 685 620 rerum
711 578 789 618 effe
808 577 1085 625 censebantur,
1112 576 1216 616 nihil
1234 577 1356 631 magis
1375 576 1586 617 videbatur
1603 578 1753 619 rationi
1772 594 1866 621 con-

424 642 671 689 sentancum,
700 655 816 694 quam
835 653 880 680 ut
899 639 1165 694 unusquisque
1184 653 1257 693 per
1276 653 1344 679 eos
1364 640 1601 693 acquireret.

479 721 516 748 2.
594 704 901 745 uemadmodum
921 718 1018 746 vero
1039 706 1191 759 reliqua
1210 714 1422 758 parentum
1450 706 1549 759 Jura
1576 704 1710 747 sensim
1737 707 1866 747 immi-

425 777 522 808 nuta
540 768 618 808 effe
638 769 837 815 novimus,
867 767 922 808 ita
942 767 1048 807 idem
1068 767 1173 809 circa
1190 768 1249 820 jus
1267 766 1495 820 acquirendi
1514 780 1587 820 per
1602 767 1752 809 liberos
1770 783 1867 810 con-

425 833 520 887 tigit
541 830 785 871 introductis
801 832 936 884 postea
955 830 1136 871 Peculiis.

484 912 517 944 3.
548 895 732 936 Peculium
751 907 850 935 vero
877 896 931 935 est
962 893 1098 948 pusilla
1129 895 1313 947 pecunia,
1340 907 1457 947 quam
1475 894 1580 934 filius
1605 893 1774 934 familias
1805 894 1868 936 vel

425 961 567 998 Servus
586 973 608 998 a
626 958 849 997 rationibus
868 958 1044 1010 paternis
1063 956 1126 996 vel
1139 957 1367 997 Dominicis
1386 956 1602 1010 separatam
1621 957 1754 998 habet.

479 1037 519 1071 4.
551 1022 755 1064 Peculium
777 1034 874 1062 vero
898 1021 1008 1061 aliud
1027 1023 1080 1062 est
1102 1022 1216 1070 Filii,
1244 1021 1353 1061 aliud
1373 1022 1497 1061 Servi.
1556 1022 1653 1061 Filii
1679 1023 1734 1063 est
1749 1025 1867 1076 Paga-

425 1101 510 1126 num
530 1087 594 1127 vel
613 1086 789 1126 militare.
849 1088 1047 1139 Paganum
1063 1085 1324 1139 profie’flititmz³
1353 1085 1418 1125 vel
1440 1085 1699 1126 adventitium.
1757 1085 1867 1125 Mili-

425 1160 512 1190 tare
530 1152 585 1190 est
605 1149 778 1202 castrense
796 1149 862 1188 vel
883 1149 985 1199 quast
1000 1149 1186 1198 castrense.

483 1229 520 1259 5.
553 1211 756 1252 Peculium
770 1208 1010 1265 profeilitium
1026 1211 1095 1258 est,
1123 1208 1230 1262 quod
1245 1222 1266 1248 e
1287 1222 1330 1249 re
1345 1209 1472 1250 Patris
1492 1210 1776 1263 proficiscitur,
1805 1211 1868 1251 vel

425 1274 640 1325 occasione,
667 1279 703 1316 δι
719 1274 1062 1327 contemplatione
1077 1273 1204 1314 Patris
1217 1272 1304 1312 filio
1324 1273 1506 1317 obvenit.

427 1388 568 1434 pecunia
595 1383 762 1426 solvatur;
800 1387 886 1419 Item
905 1394 1001 1425 uxor,
1027 1382 1083 1418 scu
1107 1381 1251 1418 famulus
1279 1392 1381 1430 quem
1415 1394 1580 1418 mercator
1600 1384 1635 1418 in
1658 1383 1715 1420 sua
1732 1386 1868 1420 officiii&⁴

426 1434 479 1468 vel
502 1432 661 1467 Taberna
678 1431 720 1466 ad
739 1443 867 1466 merces
885 1429 1114 1465 distrahendas
1131 1430 1317 1472 constituit,
1343 1428 1398 1463 vel
1417 1431 1612 1477 quicunque
1637 1431 1734 1475 alius,
1761 1434 1820 1480 qui
1849 1446 1868 1468 a

427 1482 580 1516 Domino
597 1479 662 1513 hoc
677 1477 874 1513 mandatum
893 1477 1005 1512 habet.

474 1533 666 1579 paganum]
706 1533 826 1577 Pagani
842 1532 977 1578 proprie
996 1529 1080 1566 dieti
1101 1530 1226 1574 rustici,
1253 1528 1380 1573 villani,
1406 1531 1529 1573 κωμῶται
1546 1530 1781 1578 appellantur;
1810 1533 1866 1569 hic

426 1592 539 1617 autem
559 1584 596 1615 &
616 1580 730 1626 passim
753 1589 972 1626 opponuntur
999 1578 1177 1620 militibus,
1202 1589 1313 1624 eoque
1341 1580 1478 1612 nomine
1502 1577 1730 1622 fignificantur
1747 1593 1867 1616 omnes

428 1628 597 1670 ἀφατούτοι.
650 1628 742 1660 Hinc
761 1625 934 1660 Peculium
952 1626 1120 1669 paganum
1141 1630 1176 1661 &
1193 1623 1363 1660 Castrense
1382 1624 1551 1665 ἕινπκειμῖρα,
1610 1631 1633 1660 Α
1649 1626 1866 1674 scriptoribus

428 1674 665 1710 Ecclesiasticis
692 1677 728 1709 &
758 1675 792 1707 in
824 1672 1130 1707 constitutionibus
1156 1675 1263 1720 Impp.
1292 1671 1557 1707 Christianorum
1586 1674 1734 1708 Gentiles
1761 1677 1864 1710 etiarn

428 1723 552 1767 Pagani
570 1720 791 1768 appellantur,
823 1732 896 1766 quae
914 1719 1109 1766 appellatio,
1143 1731 1179 1754 ut
1204 1718 1364 1753 credibile
1382 1720 1438 1763 est,
1464 1719 1543 1753 inde
1565 1731 1652 1762 nata,
1680 1721 1772 1767 quod
1790 1734 1866 1756 cum

429 1770 526 1805 urbes
543 1767 615 1803 fere
633 1780 749 1803 omnes
767 1766 823 1802 sub
845 1766 1034 1813 Constantino
1048 1767 1153 1802 fidem
1172 1766 1395 1801 Christianam
1426 1765 1585 1813 amplexae
1612 1767 1730 1811 effent,
1756 1779 1866 1803 tamen

429 1816 539 1851 adhuc
564 1815 625 1849 diu
649 1815 720 1861 post
745 1816 778 1848 in
806 1815 894 1858 agris
919 1818 956 1849 &
979 1814 1077 1858 Pagis
1104 1813 1194 1848 haefit
1220 1813 1362 1856 Religio
1379 1814 1526 1848 Gentilis
1554 1818 1589 1849 &
1616 1814 1767 1861 reliquiae
1783 1817 1867 1850 Eth-

429 1863 570 1899 nicismi.
622 1862 727 1897 Nihil
743 1874 822 1897 vero
840 1860 1050 1909 frequentius
1070 1874 1171 1908 quam
1190 1871 1226 1895 ut
1247 1863 1396 1905 Paganus
1415 1871 1606 1909 opponatur
1621 1861 1732 1897 militi.
1785 1865 1862 1910 Juv.

430 1912 499 1946 Sat.
520 1915 573 1946 16.
593 1923 624 1945 v.
640 1922 695 1957 32.

996 1958 1096 1990 Citius
1107 1956 1220 2002 falsum
1235 1958 1392 2001 producere
1410 1955 1509 2000 testem

766 2005 879 2037 Contra
896 2005 954 2039 PA
963 2005 1028 2038 GA
1039 2005 1076 2037 N
1081 2006 1109 2039 V
1110 2005 1154 2037 M
1168 2007 1265 2049 poſsis,
1290 2015 1382 2049 quam
1401 2016 1469 2038 vera
1487 2005 1654 2048 loquentem

769 2052 881 2085 Contra
892 2050 1051 2095 fortunam
1069 2053 1099 2086 A
1109 2052 1140 2086 R
1150 2051 1228 2084 MA
1239 2053 1299 2092 TI,
1321 2060 1481 2096 contraque
1497 2052 1648 2095 pudorem.

431 2099 519 2134 Plin.
541 2097 642 2145 Epist.
660 2096 737 2131 Lib.
752 2109 785 2136 7.
806 2099 867 2144 Ep.
884 2100 1116 2142 25.———Sunt
1131 2100 1209 2133 enim
1236 2108 1266 2132 ut
1284 2100 1314 2131 in
1339 2098 1451 2143 castris,
1475 2097 1512 2140 fic
1536 2100 1628 2131 etiam
1645 2099 1676 2131 in
1694 2099 1790 2131 literis
1813 2111 1866 2132 no-

424 2147 494 2194 stris
505 2149 608 2192 plures
628 2147 714 2179 cultu
735 2145 795 2179 PA
804 2146 869 2179 GA
881 2146 917 2179 N
921 2149 963 2188 O,
989 2159 1059 2191 quos
1077 2148 1184 2179 cineras
1199 2144 1235 2180 ό*
1250 2154 1395 2186 armatos,
1422 2142 1459 2178 (θ’
1473 2144 1589 2188 quidem
1610 2146 1804 2187 arclentissimo
1818 2148 1865 2179 in-

427 2196 530 2239 genio,
554 2194 725 2236 diligentius
743 2191 900 2237 scrutatus
930 2195 1074 2228 invenies.
1212 2193 1254 2224 Et
1271 2191 1343 2225 Lib.
1362 2203 1414 2225 10.
1432 2191 1530 2235 Epist.
1552 2192 1605 2225 18.
1656 2192 1748 2236 Apud
1766 2205 1811 2226 me
1828 2192 1865 2227 ὅθ’

433 2241 478 2275 M
490 2241 672 2276 ILITES
693 2238 732 2273 (θ’
756 2239 815 2273 PA
826 2241 892 2273 GA
901 2240 967 2282 NI,
994 2238 1031 2275 (θ’
1053 2253 1072 2273 a
1097 2239 1201 2284 quibus
1214 2237 1344 2283 Justitia
1362 2240 1425 2278 ejus
1443 2238 1480 2272 ά*
1493 2239 1666 2272 humanitas
1684 2242 1803 2283 penitus
1819 2240 1866 2272 in-

428 2289 530 2334 spella
544 2287 594 2333 eft,
618 2288 759 2322 certatim
774 2288 813 2330 ei,
839 2298 901 2332 qua
914 2288 1070 2331 privatim,
1097 2297 1155 2331 qua
1168 2283 1287 2330 public&
1301 2283 1496 2331 testimonium
1511 2288 1721 2320 retribuerunt.

1652 2393 1687 2427 6.
1720 2386 1867 2426 Adven-
