<?xml version="1.0" encoding="UTF-8"?>
<!DOCTYPE html PUBLIC "-//W3C//DTD XHTML 1.0 Transitional//EN"
    "http://www.w3.org/TR/xhtml1/DTD/xhtml1-transitional.dtd">
<html xmlns="http://www.w3.org/1999/xhtml" xml:lang="en" lang="en">
 <head>
  <title>
</title>
<meta http-equiv="Content-Type" content="text/html;charset=utf-8" />
  <meta name='ocr-system' content='tesseract 3.04.00' />
  <meta name='ocr-capabilities' content='ocr_page ocr_carea ocr_par ocr_line ocrx_word'/>
</head>
<body>
  <div class='ocr_page' id='page_1' title='image "./jurisprudentiaph00eden_0217.png"; bbox 0 0 2059 2812; ppageno 0'>
   <div class='ocr_carea' id='block_1_1' title="bbox 538 146 1573 220">
    <p class='ocr_par' dir='ltr' id='par_1_1' title="bbox 538 146 1573 220">
     <span class='ocr_line' id='line_1_1' title="bbox 538 146 1573 220; baseline 0.005 -18"><span class='ocrx_word' id='word_1_1' title='bbox 538 148 652 202; x_wconf 83' lang='lat' dir='ltr'>Lib.</span> <span class='ocrx_word' id='word_1_2' title='bbox 690 147 781 201; x_wconf 88' lang='lat' dir='ltr'><em>III.</em></span> <span class='ocrx_word' id='word_1_3' title='bbox 854 147 950 202; x_wconf 86' lang='lat' dir='ltr'>Tit.</span> <span class='ocrx_word' id='word_1_4' title='bbox 988 146 1178 202; x_wconf 68' lang='lat' dir='ltr'><em>XXIV?</em></span> <span class='ocrx_word' id='word_1_5' title='bbox 1479 170 1573 220; x_wconf 89' lang='lat'>191</span> 
     </span>
    </p>
   </div>
   <div class='ocr_carea' id='block_1_2' title="bbox 141 247 1583 1318">
    <p class='ocr_par' dir='ltr' id='par_1_2' title="bbox 146 247 1580 370">
     <span class='ocr_line' id='line_1_2' title="bbox 146 247 1580 306; baseline -0.002 -13"><span class='ocrx_word' id='word_1_6' title='bbox 146 251 339 293; x_wconf 85' lang='lat' dir='ltr'>lebretur.</span> <span class='ocrx_word' id='word_1_7' title='bbox 395 249 510 290; x_wconf 87' lang='lat' dir='ltr'>Tune</span> <span class='ocrx_word' id='word_1_8' title='bbox 530 249 636 288; x_wconf 87' lang='lat' dir='ltr'>enim</span> <span class='ocrx_word' id='word_1_9' title='bbox 655 262 736 289; x_wconf 92' lang='lat' dir='ltr'>non</span> <span class='ocrx_word' id='word_1_10' title='bbox 755 247 825 288; x_wconf 83' lang='lat' dir='ltr'>nifi</span> <span class='ocrx_word' id='word_1_11' title='bbox 845 248 1026 290; x_wconf 88' lang='lat' dir='ltr'>omnibus</span> <span class='ocrx_word' id='word_1_12' title='bbox 1053 248 1233 302; x_wconf 82' lang='lat' dir='ltr'>partibus</span> <span class='ocrx_word' id='word_1_13' title='bbox 1255 247 1433 290; x_wconf 78' lang='lat' dir='ltr'>absoluta</span> <span class='ocrx_word' id='word_1_14' title='bbox 1458 251 1580 306; x_wconf 89' lang='lat' dir='ltr'>scrip-</span> 
     </span>
     <span class='ocr_line' id='line_1_3' title="bbox 147 314 919 370; baseline -0.005 -13"><span class='ocrx_word' id='word_1_15' title='bbox 147 328 238 358; x_wconf 86' lang='lat' dir='ltr'>tura</span> <span class='ocrx_word' id='word_1_16' title='bbox 255 314 457 370; x_wconf 64' lang='lat' dir='ltr'>perfeetus</span> <span class='ocrx_word' id='word_1_17' title='bbox 477 314 646 354; x_wconf 85' lang='lat' dir='ltr'>habetur</span> <span class='ocrx_word' id='word_1_18' title='bbox 663 315 919 354; x_wconf 64' lang='lat' dir='ltr'>Contractus.</span> 
     </span>
    </p>

    <p class='ocr_par' dir='ltr' id='par_1_3' title="bbox 141 377 1583 812">
     <span class='ocr_line' id='line_1_4' title="bbox 201 377 1580 432; baseline -0.001 -11"><span class='ocrx_word' id='word_1_19' title='bbox 201 397 236 430; x_wconf 83' lang='lat'>3.</span> <span class='ocrx_word' id='word_1_20' title='bbox 266 381 325 418; x_wconf 81' lang='lat' dir='ltr'>Ex</span> <span class='ocrx_word' id='word_1_21' title='bbox 353 393 431 432; x_wconf 88' lang='lat' dir='ltr'>quo</span> <span class='ocrx_word' id='word_1_22' title='bbox 455 391 581 432; x_wconf 88' lang='lat' dir='ltr'>porro</span> <span class='ocrx_word' id='word_1_23' title='bbox 605 377 873 430; x_wconf 82' lang='lat' dir='ltr'>consequitur,</span> <span class='ocrx_word' id='word_1_24' title='bbox 901 385 945 415; x_wconf 90' lang='lat' dir='ltr'>ut</span> <span class='ocrx_word' id='word_1_25' title='bbox 967 386 1178 429; x_wconf 83' lang='lat' dir='ltr'>antequam</span> <span class='ocrx_word' id='word_1_26' title='bbox 1203 378 1268 417; x_wconf 85' lang='lat' dir='ltr'>vel</span> <span class='ocrx_word' id='word_1_27' title='bbox 1286 378 1488 429; x_wconf 86' lang='lat' dir='ltr'>consensu,</span> <span class='ocrx_word' id='word_1_28' title='bbox 1516 381 1580 420; x_wconf 90' lang='lat' dir='ltr'>vel</span> 
     </span>
     <span class='ocr_line' id='line_1_5' title="bbox 146 437 1581 494; baseline 0 -12"><span class='ocrx_word' id='word_1_29' title='bbox 146 441 339 493; x_wconf 78' lang='lat' dir='ltr'>scriptura</span> <span class='ocrx_word' id='word_1_30' title='bbox 369 442 548 494; x_wconf 64' lang='lat' dir='ltr'>perfeeto.</span> <span class='ocrx_word' id='word_1_31' title='bbox 577 440 622 480; x_wconf 92' lang='lat' dir='ltr'>fit</span> <span class='ocrx_word' id='word_1_32' title='bbox 643 440 807 493; x_wconf 79' lang='lat' dir='ltr'>Emptio</span> <span class='ocrx_word' id='word_1_33' title='bbox 828 437 1020 481; x_wconf 88' lang='lat' dir='ltr'>Venditio</span> <span class='ocrx_word' id='word_1_34' title='bbox 1047 440 1302 491; x_wconf 82' lang='lat' dir='ltr'>poenitentiae</span> <span class='ocrx_word' id='word_1_35' title='bbox 1335 441 1440 481; x_wconf 87' lang='lat' dir='ltr'>locus</span> <span class='ocrx_word' id='word_1_36' title='bbox 1471 441 1530 490; x_wconf 85' lang='lat' dir='ltr'>fit,</span> <span class='ocrx_word' id='word_1_37' title='bbox 1555 442 1581 482; x_wconf 93' lang='lat' dir='ltr'><strong>fi</strong></span> 
     </span>
     <span class='ocr_line' id='line_1_6' title="bbox 144 503 1583 558; baseline 0.001 -13"><span class='ocrx_word' id='word_1_38' title='bbox 144 516 303 558; x_wconf 85' lang='lat' dir='ltr'>emptor</span> <span class='ocrx_word' id='word_1_39' title='bbox 327 506 530 558; x_wconf 86' lang='lat' dir='ltr'>poenitens</span> <span class='ocrx_word' id='word_1_40' title='bbox 553 505 595 545; x_wconf 90' lang='lat' dir='ltr'>id</span> <span class='ocrx_word' id='word_1_41' title='bbox 614 505 721 558; x_wconf 84' lang='lat' dir='ltr'>quod</span> <span class='ocrx_word' id='word_1_42' title='bbox 738 503 880 546; x_wconf 81' lang='lat' dir='ltr'>Arrhae</span> <span class='ocrx_word' id='word_1_43' title='bbox 898 504 1061 542; x_wconf 88' lang='lat' dir='ltr'>nomine</span> <span class='ocrx_word' id='word_1_44' title='bbox 1084 503 1196 543; x_wconf 88' lang='lat' dir='ltr'>dedit</span> <span class='ocrx_word' id='word_1_45' title='bbox 1215 503 1385 558; x_wconf 79' lang='lat' dir='ltr'><strong>perdere</strong></span> <span class='ocrx_word' id='word_1_46' title='bbox 1401 525 1412 556; x_wconf 83' lang='lat'>3</span> <span class='ocrx_word' id='word_1_47' title='bbox 1442 507 1583 546; x_wconf 88' lang='lat' dir='ltr'>vendi-</span> 
     </span>
     <span class='ocr_line' id='line_1_7' title="bbox 143 567 1583 622; baseline 0.001 -15"><span class='ocrx_word' id='word_1_48' title='bbox 143 577 211 609; x_wconf 90' lang='lat' dir='ltr'>tor</span> <span class='ocrx_word' id='word_1_49' title='bbox 230 580 360 609; x_wconf 86' lang='lat' dir='ltr'>autem</span> <span class='ocrx_word' id='word_1_50' title='bbox 376 571 602 619; x_wconf 80' lang='lat' dir='ltr'>receffurus‚</span> <span class='ocrx_word' id='word_1_51' title='bbox 621 569 784 622; x_wconf 85' lang='lat' dir='ltr'>duplum</span> <span class='ocrx_word' id='word_1_52' title='bbox 799 567 970 622; x_wconf 88' lang='lat' dir='ltr'>ejusdem</span> <span class='ocrx_word' id='word_1_53' title='bbox 991 569 1199 609; x_wconf 82' lang='lat' dir='ltr'>restituere</span> <span class='ocrx_word' id='word_1_54' title='bbox 1215 569 1312 609; x_wconf 85' lang='lat' dir='ltr'>velit</span> <span class='ocrx_word' id='word_1_55' title='bbox 1328 587 1339 619; x_wconf 84' lang='lat'>3</span> <span class='ocrx_word' id='word_1_56' title='bbox 1433 579 1477 608; x_wconf 93' lang='lat' dir='ltr'>ut</span> <span class='ocrx_word' id='word_1_57' title='bbox 1492 584 1583 622; x_wconf 86' lang='lat' dir='ltr'>per-</span> 
     </span>
     <span class='ocr_line' id='line_1_8' title="bbox 144 629 1579 685; baseline 0.003 -15"><span class='ocrx_word' id='word_1_58' title='bbox 144 629 248 671; x_wconf 67' lang='lat' dir='ltr'>fedta</span> <span class='ocrx_word' id='word_1_59' title='bbox 276 634 479 685; x_wconf 84' lang='lat' dir='ltr'>emptione</span> <span class='ocrx_word' id='word_1_60' title='bbox 499 632 731 673; x_wconf 85' lang='lat' dir='ltr'>venditione</span> <span class='ocrx_word' id='word_1_61' title='bbox 750 631 1004 685; x_wconf 81' lang='lat' dir='ltr'>poenitentiae</span> <span class='ocrx_word' id='word_1_62' title='bbox 1033 632 1139 671; x_wconf 79' lang='lat' dir='ltr'>nulla</span> <span class='ocrx_word' id='word_1_63' title='bbox 1159 632 1202 672; x_wconf 88' lang='lat' dir='ltr'>fit</span> <span class='ocrx_word' id='word_1_64' title='bbox 1223 631 1402 679; x_wconf 77' lang='lat' dir='ltr'>facultas,</span> <span class='ocrx_word' id='word_1_65' title='bbox 1429 631 1579 674; x_wconf 88' lang='lat' dir='ltr'>etiamfi</span> 
     </span>
     <span class='ocr_line' id='line_1_9' title="bbox 143 694 1580 749; baseline 0.002 -15"><span class='ocrx_word' id='word_1_66' title='bbox 143 695 231 747; x_wconf 87' lang='lat' dir='ltr'>quis</span> <span class='ocrx_word' id='word_1_67' title='bbox 257 697 465 736; x_wconf 74' lang='lat' dir='ltr'>arrharum</span> <span class='ocrx_word' id='word_1_68' title='bbox 493 696 676 736; x_wconf 81' lang='lat' dir='ltr'>damnum</span> <span class='ocrx_word' id='word_1_69' title='bbox 701 696 799 748; x_wconf 83' lang='lat' dir='ltr'>pati,</span> <span class='ocrx_word' id='word_1_70' title='bbox 827 700 862 735; x_wconf 64' lang='grc' dir='ltr'>δε</span> <span class='ocrx_word' id='word_1_71' title='bbox 890 694 951 735; x_wconf 91' lang='lat' dir='ltr'>vel</span> <span class='ocrx_word' id='word_1_72' title='bbox 982 696 1091 747; x_wconf 89' lang='lat' dir='ltr'>quod</span> <span class='ocrx_word' id='word_1_73' title='bbox 1118 695 1294 744; x_wconf 84' lang='lat' dir='ltr'>interest,</span> <span class='ocrx_word' id='word_1_74' title='bbox 1327 694 1389 736; x_wconf 87' lang='lat' dir='ltr'>vel</span> <span class='ocrx_word' id='word_1_75' title='bbox 1414 695 1580 749; x_wconf 85' lang='lat' dir='ltr'>duplum</span> 
     </span>
     <span class='ocr_line' id='line_1_10' title="bbox 141 756 961 812; baseline 0.001 -15"><span class='ocrx_word' id='word_1_76' title='bbox 141 759 316 809; x_wconf 82' lang='lat' dir='ltr'>pretium</span> <span class='ocrx_word' id='word_1_77' title='bbox 334 760 508 812; x_wconf 80' lang='lat' dir='ltr'>emptori</span> <span class='ocrx_word' id='word_1_78' title='bbox 527 760 706 811; x_wconf 84' lang='lat' dir='ltr'>praestare</span> <span class='ocrx_word' id='word_1_79' title='bbox 726 768 882 811; x_wconf 78' lang='lat' dir='ltr'>paratus</span> <span class='ocrx_word' id='word_1_80' title='bbox 904 756 961 798; x_wconf 90' lang='lat' dir='ltr'>fit.</span> 
     </span>
    </p>

    <p class='ocr_par' dir='ltr' id='par_1_4' title="bbox 141 819 1582 1053">
     <span class='ocr_line' id='line_1_11' title="bbox 196 819 1580 874; baseline 0.001 -13"><span class='ocrx_word' id='word_1_81' title='bbox 196 836 236 871; x_wconf 87' lang='lat'>4.</span> <span class='ocrx_word' id='word_1_82' title='bbox 267 826 326 863; x_wconf 87' lang='lat' dir='ltr'>Ex</span> <span class='ocrx_word' id='word_1_83' title='bbox 343 822 483 862; x_wconf 88' lang='lat' dir='ltr'>eodem</span> <span class='ocrx_word' id='word_1_84' title='bbox 502 822 696 862; x_wconf 80' lang='lat' dir='ltr'>axiomate</span> <span class='ocrx_word' id='word_1_85' title='bbox 716 821 888 861; x_wconf 84' lang='lat' dir='ltr'>infertur</span> <span class='ocrx_word' id='word_1_86' title='bbox 917 819 966 860; x_wconf 85' lang='lat' dir='ltr'>ad</span> <span class='ocrx_word' id='word_1_87' title='bbox 998 820 1208 861; x_wconf 87' lang='lat' dir='ltr'>emendum</span> <span class='ocrx_word' id='word_1_88' title='bbox 1236 819 1580 874; x_wconf 84' lang='lat' dir='ltr'>vendendumque,</span> 
     </span>
     <span class='ocr_line' id='line_1_12' title="bbox 142 885 1582 941; baseline 0.001 -17"><span class='ocrx_word' id='word_1_89' title='bbox 142 885 210 925; x_wconf 84' lang='lat' dir='ltr'>nifi</span> <span class='ocrx_word' id='word_1_90' title='bbox 230 897 397 941; x_wconf 84' lang='lat' dir='ltr'>urgente</span> <span class='ocrx_word' id='word_1_91' title='bbox 417 887 617 939; x_wconf 80' lang='lat' dir='ltr'>aequitate,</span> <span class='ocrx_word' id='word_1_92' title='bbox 646 885 710 926; x_wconf 87' lang='lat' dir='ltr'>vel</span> <span class='ocrx_word' id='word_1_93' title='bbox 728 885 905 925; x_wconf 80' lang='lat' dir='ltr'>utilitate</span> <span class='ocrx_word' id='word_1_94' title='bbox 925 885 1099 938; x_wconf 54' lang='lat' dir='ltr'>publice,</span> <span class='ocrx_word' id='word_1_95' title='bbox 1127 885 1328 924; x_wconf 86' lang='lat' dir='ltr'>neminem</span> <span class='ocrx_word' id='word_1_96' title='bbox 1347 886 1440 940; x_wconf 79' lang='lat' dir='ltr'>cogi</span> <span class='ocrx_word' id='word_1_97' title='bbox 1458 887 1582 939; x_wconf 87' lang='lat' dir='ltr'>posse,</span> 
     </span>
     <span class='ocr_line' id='line_1_13' title="bbox 141 947 1581 1002; baseline 0 -13"><span class='ocrx_word' id='word_1_98' title='bbox 141 955 175 989; x_wconf 77' lang='grc' dir='ltr'>ὃ(</span> <span class='ocrx_word' id='word_1_99' title='bbox 189 950 435 1002; x_wconf 83' lang='lat' dir='ltr'>emptionem</span> <span class='ocrx_word' id='word_1_100' title='bbox 453 947 726 990; x_wconf 85' lang='lat' dir='ltr'>venditionem</span> <span class='ocrx_word' id='word_1_101' title='bbox 744 948 785 987; x_wconf 89' lang='lat' dir='ltr'>vi</span> <span class='ocrx_word' id='word_1_102' title='bbox 798 957 983 1001; x_wconf 89' lang='lat' dir='ltr'>metuque</span> <span class='ocrx_word' id='word_1_103' title='bbox 1002 958 1201 987; x_wconf 77' lang='lat' dir='ltr'>extortam</span> <span class='ocrx_word' id='word_1_104' title='bbox 1221 958 1347 988; x_wconf 82' lang='lat' dir='ltr'>ratam</span> <span class='ocrx_word' id='word_1_105' title='bbox 1366 962 1387 987; x_wconf 85' lang='lat' dir='ltr'>a</span> <span class='ocrx_word' id='word_1_106' title='bbox 1402 952 1581 989; x_wconf 85' lang='lat' dir='ltr'>Praetore</span> 
     </span>
     <span class='ocr_line' id='line_1_14' title="bbox 141 1013 394 1053; baseline 0.004 -2"><span class='ocrx_word' id='word_1_107' title='bbox 141 1025 223 1052; x_wconf 91' lang='lat' dir='ltr'>non</span> <span class='ocrx_word' id='word_1_108' title='bbox 243 1013 394 1053; x_wconf 88' lang='lat' dir='ltr'>haberi.</span> 
     </span>
    </p>

    <p class='ocr_par' dir='ltr' id='par_1_5' title="bbox 141 1074 1580 1318">
     <span class='ocr_line' id='line_1_15' title="bbox 199 1074 1580 1128; baseline 0 -12"><span class='ocrx_word' id='word_1_109' title='bbox 199 1091 236 1123; x_wconf 89' lang='lat'>5.</span> <span class='ocrx_word' id='word_1_110' title='bbox 267 1079 327 1115; x_wconf 81' lang='lat' dir='ltr'>Ex</span> <span class='ocrx_word' id='word_1_111' title='bbox 345 1076 480 1116; x_wconf 82' lang='lat' dir='ltr'>eadem</span> <span class='ocrx_word' id='word_1_112' title='bbox 498 1076 654 1115; x_wconf 85' lang='lat' dir='ltr'>ratione</span> <span class='ocrx_word' id='word_1_113' title='bbox 675 1082 710 1117; x_wconf 69' lang='grc' dir='ltr'>ἃ</span> <span class='ocrx_word' id='word_1_114' title='bbox 727 1074 854 1123; x_wconf 77' lang='lat' dir='ltr'>Dolus,</span> <span class='ocrx_word' id='word_1_115' title='bbox 882 1075 952 1127; x_wconf 91' lang='lat' dir='ltr'>qui</span> <span class='ocrx_word' id='word_1_116' title='bbox 970 1075 1120 1115; x_wconf 81' lang='lat' dir='ltr'>causam</span> <span class='ocrx_word' id='word_1_117' title='bbox 1138 1075 1337 1128; x_wconf 83' lang='lat' dir='ltr'>emptioni</span> <span class='ocrx_word' id='word_1_118' title='bbox 1351 1075 1580 1116; x_wconf 81' lang='lat' dir='ltr'>venditioni</span> 
     </span>
     <span class='ocr_line' id='line_1_16' title="bbox 141 1137 1580 1189; baseline -0.001 -11"><span class='ocrx_word' id='word_1_119' title='bbox 141 1139 268 1187; x_wconf 84' lang='lat' dir='ltr'>dedit,</span> <span class='ocrx_word' id='word_1_120' title='bbox 302 1153 387 1178; x_wconf 83' lang='lat' dir='ltr'>eam</span> <span class='ocrx_word' id='word_1_121' title='bbox 408 1138 542 1178; x_wconf 84' lang='lat' dir='ltr'>reddit</span> <span class='ocrx_word' id='word_1_122' title='bbox 561 1137 738 1187; x_wconf 82' lang='lat' dir='ltr'>nullam3</span> <span class='ocrx_word' id='word_1_123' title='bbox 769 1151 849 1176; x_wconf 91' lang='lat' dir='ltr'>non</span> <span class='ocrx_word' id='word_1_124' title='bbox 870 1150 969 1176; x_wconf 81' lang='lat' dir='ltr'>vero</span> <span class='ocrx_word' id='word_1_125' title='bbox 990 1137 1182 1185; x_wconf 82' lang='lat' dir='ltr'>incidens,</span> <span class='ocrx_word' id='word_1_126' title='bbox 1214 1137 1363 1189; x_wconf 86' lang='lat' dir='ltr'>quippe</span> <span class='ocrx_word' id='word_1_127' title='bbox 1391 1137 1461 1189; x_wconf 82' lang='lat' dir='ltr'>qui</span> <span class='ocrx_word' id='word_1_128' title='bbox 1485 1153 1580 1177; x_wconf 81' lang='lat' dir='ltr'>con-</span> 
     </span>
     <span class='ocr_line' id='line_1_17' title="bbox 141 1198 1580 1254; baseline 0 -15"><span class='ocrx_word' id='word_1_129' title='bbox 141 1200 292 1239; x_wconf 83' lang='lat' dir='ltr'>sensum</span> <span class='ocrx_word' id='word_1_130' title='bbox 311 1214 393 1239; x_wconf 91' lang='lat' dir='ltr'>non</span> <span class='ocrx_word' id='word_1_131' title='bbox 422 1199 659 1253; x_wconf 79' lang='lat' dir='ltr'>impedivit3</span> <span class='ocrx_word' id='word_1_132' title='bbox 701 1205 735 1240; x_wconf 64' lang='grc' dir='ltr'>ὃς</span> <span class='ocrx_word' id='word_1_133' title='bbox 759 1198 852 1238; x_wconf 87' lang='lat' dir='ltr'>hinc</span> <span class='ocrx_word' id='word_1_134' title='bbox 880 1209 1034 1238; x_wconf 84' lang='lat' dir='ltr'>tantum</span> <span class='ocrx_word' id='word_1_135' title='bbox 1061 1200 1167 1252; x_wconf 83' lang='lat' dir='ltr'>parit</span> <span class='ocrx_word' id='word_1_136' title='bbox 1192 1199 1377 1239; x_wconf 69' lang='lat' dir='ltr'>AHionem</span> <span class='ocrx_word' id='word_1_137' title='bbox 1397 1213 1443 1238; x_wconf 85' lang='lat' dir='ltr'>ex</span> <span class='ocrx_word' id='word_1_138' title='bbox 1461 1209 1580 1254; x_wconf 84' lang='lat' dir='ltr'>empto</span> 
     </span>
     <span class='ocr_line' id='line_1_18' title="bbox 141 1263 1030 1318; baseline -0.001 -13"><span class='ocrx_word' id='word_1_139' title='bbox 141 1263 192 1305; x_wconf 83' lang='lat' dir='ltr'>ad</span> <span class='ocrx_word' id='word_1_140' title='bbox 211 1265 252 1304; x_wconf 90' lang='lat' dir='ltr'>id</span> <span class='ocrx_word' id='word_1_141' title='bbox 272 1264 379 1317; x_wconf 86' lang='lat' dir='ltr'>quod</span> <span class='ocrx_word' id='word_1_142' title='bbox 398 1265 575 1312; x_wconf 85' lang='lat' dir='ltr'>interest,</span> <span class='ocrx_word' id='word_1_143' title='bbox 603 1264 668 1305; x_wconf 84' lang='lat' dir='ltr'>vel</span> <span class='ocrx_word' id='word_1_144' title='bbox 686 1263 925 1318; x_wconf 78' lang='lat' dir='ltr'>exceptionem</span> <span class='ocrx_word' id='word_1_145' title='bbox 945 1265 1030 1305; x_wconf 83' lang='lat' dir='ltr'>doli.</span> 
     </span>
    </p>
   </div>
   <div class='ocr_carea' id='block_1_3' title="bbox 1347 590 1424 595">
    <p class='ocr_par' dir='ltr' id='par_1_6' title="bbox 1347 590 1424 595">
     <span class='ocr_line' id='line_1_19' title="bbox 1347 590 1424 595; baseline 0 0"><span class='ocrx_word' id='word_1_146' title='bbox 1347 590 1424 595; x_wconf 95' lang='lat' dir='ltr'> </span> 
     </span>
    </p>
   </div>
   <div class='ocr_carea' id='block_1_4' title="bbox 143 1371 1580 1654">
    <p class='ocr_par' dir='ltr' id='par_1_7' title="bbox 143 1371 1580 1608">
     <span class='ocr_line' id='line_1_20' title="bbox 193 1371 1578 1418; baseline 0.001 -13"><span class='ocrx_word' id='word_1_147' title='bbox 193 1374 242 1406; x_wconf 83' lang='lat' dir='ltr'>Ex</span> <span class='ocrx_word' id='word_1_148' title='bbox 260 1372 376 1407; x_wconf 85' lang='lat' dir='ltr'>eadem</span> <span class='ocrx_word' id='word_1_149' title='bbox 396 1375 524 1407; x_wconf 80' lang='lat' dir='ltr'>ratIOne</span> <span class='ocrx_word' id='word_1_150' title='bbox 544 1376 581 1408; x_wconf 90' lang='lat'>&amp;</span> <span class='ocrx_word' id='word_1_151' title='bbox 598 1371 723 1418; x_wconf 88' lang='lat' dir='ltr'>Dolus]</span> <span class='ocrx_word' id='word_1_152' title='bbox 760 1374 841 1407; x_wconf 90' lang='lat' dir='ltr'>Sunt</span> <span class='ocrx_word' id='word_1_153' title='bbox 859 1372 940 1405; x_wconf 79' lang='lat' dir='ltr'>vitia</span> <span class='ocrx_word' id='word_1_154' title='bbox 968 1374 1003 1406; x_wconf 71' lang='grc' dir='ltr'>δε</span> <span class='ocrx_word' id='word_1_155' title='bbox 1022 1371 1216 1418; x_wconf 79' lang='lat' dir='ltr'>qualitates,</span> <span class='ocrx_word' id='word_1_156' title='bbox 1243 1384 1317 1418; x_wconf 83' lang='lat' dir='ltr'>quae</span> <span class='ocrx_word' id='word_1_157' title='bbox 1339 1373 1517 1407; x_wconf 85' lang='lat' dir='ltr'>incurrunt</span> <span class='ocrx_word' id='word_1_158' title='bbox 1544 1373 1578 1407; x_wconf 87' lang='lat' dir='ltr'>in</span> 
     </span>
     <span class='ocr_line' id='line_1_21' title="bbox 143 1418 1580 1467; baseline 0 -14"><span class='ocrx_word' id='word_1_159' title='bbox 143 1420 270 1463; x_wconf 82' lang='lat' dir='ltr'>oculOS‚</span> <span class='ocrx_word' id='word_1_160' title='bbox 293 1432 431 1467; x_wconf 77' lang='lat' dir='ltr'>quaeque</span> <span class='ocrx_word' id='word_1_161' title='bbox 447 1420 590 1454; x_wconf 84' lang='lat' dir='ltr'>indicari</span> <span class='ocrx_word' id='word_1_162' title='bbox 608 1419 843 1466; x_wconf 82' lang='lat' dir='ltr'>supervacuum</span> <span class='ocrx_word' id='word_1_163' title='bbox 868 1418 973 1459; x_wconf 76' lang='lat' dir='ltr'>effet5</span> <span class='ocrx_word' id='word_1_164' title='bbox 998 1430 1116 1463; x_wconf 87' lang='lat' dir='ltr'>quum,</span> <span class='ocrx_word' id='word_1_165' title='bbox 1142 1419 1164 1453; x_wconf 86' lang='lat' dir='ltr'>fi</span> <span class='ocrx_word' id='word_1_166' title='bbox 1181 1421 1257 1465; x_wconf 87' lang='lat' dir='ltr'>quis</span> <span class='ocrx_word' id='word_1_167' title='bbox 1275 1421 1309 1453; x_wconf 88' lang='lat' dir='ltr'>in</span> <span class='ocrx_word' id='word_1_168' title='bbox 1331 1432 1366 1454; x_wconf 88' lang='lat' dir='ltr'>re</span> <span class='ocrx_word' id='word_1_169' title='bbox 1384 1419 1525 1462; x_wconf 78' lang='lat' dir='ltr'>fallitur,</span> <span class='ocrx_word' id='word_1_170' title='bbox 1552 1421 1580 1453; x_wconf 89' lang='lat' dir='ltr'>is</span> 
     </span>
     <span class='ocr_line' id='line_1_22' title="bbox 143 1465 1576 1513; baseline 0 -13"><span class='ocrx_word' id='word_1_171' title='bbox 143 1468 301 1500; x_wconf 86' lang='lat' dir='ltr'>caecitatis</span> <span class='ocrx_word' id='word_1_172' title='bbox 330 1466 403 1509; x_wconf 68' lang='lat' dir='ltr'>suae,</span> <span class='ocrx_word' id='word_1_173' title='bbox 429 1479 466 1501; x_wconf 88' lang='lat' dir='ltr'>ac</span> <span class='ocrx_word' id='word_1_174' title='bbox 495 1466 709 1511; x_wconf 83' lang='lat' dir='ltr'>negligentiae</span> <span class='ocrx_word' id='word_1_175' title='bbox 735 1477 870 1512; x_wconf 83' lang='lat' dir='ltr'>poenam</span> <span class='ocrx_word' id='word_1_176' title='bbox 894 1466 1018 1499; x_wconf 75' lang='lat' dir='ltr'>merito</span> <span class='ocrx_word' id='word_1_177' title='bbox 1049 1465 1145 1508; x_wconf 79' lang='lat' dir='ltr'>ferat,</span> <span class='ocrx_word' id='word_1_178' title='bbox 1173 1479 1244 1513; x_wconf 87' lang='lat' dir='ltr'>quo</span> <span class='ocrx_word' id='word_1_179' title='bbox 1275 1468 1420 1512; x_wconf 82' lang='lat' dir='ltr'>pertinet</span> <span class='ocrx_word' id='word_1_180' title='bbox 1443 1468 1501 1501; x_wconf 84' lang='lat' dir='ltr'>Lis</span> <span class='ocrx_word' id='word_1_181' title='bbox 1521 1468 1576 1501; x_wconf 88' lang='grc' dir='ltr'>Μ.</span> 
     </span>
     <span class='ocr_line' id='line_1_23' title="bbox 144 1511 1580 1557; baseline 0.001 -9"><span class='ocrx_word' id='word_1_182' title='bbox 144 1515 247 1548; x_wconf 64' lang='lat' dir='ltr'>‚Mam</span> <span class='ocrx_word' id='word_1_183' title='bbox 274 1516 453 1548; x_wconf 76' lang='lat' dir='ltr'>Gratidiani</span> <span class='ocrx_word' id='word_1_184' title='bbox 483 1526 557 1547; x_wconf 88' lang='lat' dir='ltr'>cum</span> <span class='ocrx_word' id='word_1_185' title='bbox 583 1518 619 1549; x_wconf 91' lang='lat' dir='ltr'>C.</span> <span class='ocrx_word' id='word_1_186' title='bbox 648 1515 750 1556; x_wconf 81' lang='lat' dir='ltr'>Sergio</span> <span class='ocrx_word' id='word_1_187' title='bbox 780 1515 882 1545; x_wconf 73' lang='lat' dir='ltr'>Orata</span> <span class='ocrx_word' id='word_1_188' title='bbox 911 1511 1001 1557; x_wconf 80' lang='lat' dir='ltr'>apud</span> <span class='ocrx_word' id='word_1_189' title='bbox 1029 1513 1228 1547; x_wconf 81' lang='lat' dir='ltr'>Ciceronem</span> <span class='ocrx_word' id='word_1_190' title='bbox 1252 1512 1295 1546; x_wconf 89' lang='lat' dir='ltr'>de</span> <span class='ocrx_word' id='word_1_191' title='bbox 1324 1513 1580 1549; x_wconf 79' lang='lat' dir='ltr'>Offic.111.16.</span> 
     </span>
     <span class='ocr_line' id='line_1_24' title="bbox 144 1557 1139 1608; baseline -0.002 -13"><span class='ocrx_word' id='word_1_192' title='bbox 144 1561 289 1595; x_wconf 84' lang='lat' dir='ltr'>Scientia</span> <span class='ocrx_word' id='word_1_193' title='bbox 308 1562 395 1595; x_wconf 85' lang='lat' dir='ltr'>enim</span> <span class='ocrx_word' id='word_1_194' title='bbox 424 1562 581 1608; x_wconf 87' lang='lat' dir='ltr'>utrinque</span> <span class='ocrx_word' id='word_1_195' title='bbox 599 1571 657 1607; x_wconf 78' lang='lat' dir='ltr'>par</span> <span class='ocrx_word' id='word_1_196' title='bbox 674 1570 769 1606; x_wconf 77' lang='lat' dir='ltr'>pares</span> <span class='ocrx_word' id='word_1_197' title='bbox 786 1557 871 1593; x_wconf 80' lang='lat' dir='ltr'>facit</span> <span class='ocrx_word' id='word_1_198' title='bbox 889 1558 1139 1594; x_wconf 84' lang='lat' dir='ltr'>contrahentes.</span> 
     </span>
    </p>

    <p class='ocr_par' dir='ltr' id='par_1_8' title="bbox 191 1608 610 1654">
     <span class='ocr_line' id='line_1_25' title="bbox 191 1608 610 1654; baseline 0.002 -13"><span class='ocrx_word' id='word_1_199' title='bbox 191 1609 310 1641; x_wconf 82' lang='lat' dir='ltr'>Horat.</span> <span class='ocrx_word' id='word_1_200' title='bbox 330 1621 362 1642; x_wconf 84' lang='lat'>2.</span> <span class='ocrx_word' id='word_1_201' title='bbox 382 1608 482 1654; x_wconf 83' lang='lat' dir='ltr'>Epist.</span> <span class='ocrx_word' id='word_1_202' title='bbox 498 1610 536 1642; x_wconf 86' lang='lat'>11.</span> <span class='ocrx_word' id='word_1_203' title='bbox 557 1620 610 1653; x_wconf 82' lang='lat'>13.</span> 
     </span>
    </p>
   </div>
   <div class='ocr_carea' id='block_1_5' title="bbox 474 1665 1196 1760">
    <p class='ocr_par' dir='ltr' id='par_1_9' title="bbox 474 1665 1196 1760">
     <span class='ocr_line' id='line_1_26' title="bbox 476 1665 1196 1712; baseline 0.001 -11"><span class='ocrx_word' id='word_1_204' title='bbox 476 1670 529 1702; x_wconf 80' lang='lat' dir='ltr'>Ille</span> <span class='ocrx_word' id='word_1_205' title='bbox 546 1667 630 1712; x_wconf 85' lang='lat' dir='ltr'>feret</span> <span class='ocrx_word' id='word_1_206' title='bbox 650 1668 778 1712; x_wconf 80' lang='lat' dir='ltr'>pretium</span> <span class='ocrx_word' id='word_1_207' title='bbox 800 1677 884 1711; x_wconf 80' lang='lat' dir='ltr'>poenae</span> <span class='ocrx_word' id='word_1_208' title='bbox 905 1665 1043 1712; x_wconf 85' lang='lat' dir='ltr'>securus,</span> <span class='ocrx_word' id='word_1_209' title='bbox 1069 1669 1167 1712; x_wconf 78' lang='lat' dir='ltr'>opinor</span> <span class='ocrx_word' id='word_1_210' title='bbox 1184 1681 1196 1702; x_wconf 80' lang='grc'>.-</span> 
     </span>
     <span class='ocr_line' id='line_1_27' title="bbox 474 1714 895 1760; baseline -0.007 -10"><span class='ocrx_word' id='word_1_211' title='bbox 474 1716 607 1750; x_wconf 85' lang='lat' dir='ltr'>Prudens</span> <span class='ocrx_word' id='word_1_212' title='bbox 633 1714 725 1760; x_wconf 63' lang='lat' dir='ltr'>emisti</span> <span class='ocrx_word' id='word_1_213' title='bbox 749 1714 895 1759; x_wconf 80' lang='lat' dir='ltr'>vitiosum.</span> 
     </span>
    </p>
   </div>
   <div class='ocr_carea' id='block_1_6' title="bbox 902 1733 1033 1742">
    <p class='ocr_par' dir='ltr' id='par_1_10' title="bbox 902 1733 1033 1742">
     <span class='ocr_line' id='line_1_28' title="bbox 902 1733 1033 1742; baseline 0 1070"><span class='ocrx_word' id='word_1_214' title='bbox 902 1733 1033 1742; x_wconf 95' lang='lat' dir='ltr'> </span> 
     </span>
    </p>
   </div>
   <div class='ocr_carea' id='block_1_7' title="bbox 143 1773 1579 2387">
    <p class='ocr_par' dir='ltr' id='par_1_11' title="bbox 143 1773 1579 2387">
     <span class='ocr_line' id='line_1_29' title="bbox 144 1773 1579 1824; baseline -0.002 -10"><span class='ocrx_word' id='word_1_215' title='bbox 144 1773 190 1813; x_wconf 81' lang='lat' dir='ltr'>At</span> <span class='ocrx_word' id='word_1_216' title='bbox 211 1782 317 1821; x_wconf 80' lang='lat' dir='ltr'>Leges</span> <span class='ocrx_word' id='word_1_217' title='bbox 333 1779 511 1819; x_wconf 75' lang='lat' dir='ltr'>Romame,</span> <span class='ocrx_word' id='word_1_218' title='bbox 533 1787 570 1811; x_wconf 90' lang='lat' dir='ltr'>ut</span> <span class='ocrx_word' id='word_1_219' title='bbox 588 1777 740 1811; x_wconf 85' lang='lat' dir='ltr'>homines</span> <span class='ocrx_word' id='word_1_220' title='bbox 758 1775 818 1810; x_wconf 85' lang='lat' dir='ltr'>fibi</span> <span class='ocrx_word' id='word_1_221' title='bbox 838 1777 980 1811; x_wconf 83' lang='lat' dir='ltr'>invicem</span> <span class='ocrx_word' id='word_1_222' title='bbox 1004 1777 1069 1811; x_wconf 91' lang='lat' dir='ltr'>hoc</span> <span class='ocrx_word' id='word_1_223' title='bbox 1087 1775 1235 1810; x_wconf 83' lang='lat' dir='ltr'>officium</span> <span class='ocrx_word' id='word_1_224' title='bbox 1250 1787 1292 1809; x_wconf 85' lang='lat' dir='ltr'>eo</span> <span class='ocrx_word' id='word_1_225' title='bbox 1308 1777 1430 1810; x_wconf 88' lang='lat' dir='ltr'>certius</span> <span class='ocrx_word' id='word_1_226' title='bbox 1453 1778 1579 1824; x_wconf 65' lang='lat' dir='ltr'>praesta-</span> 
     </span>
     <span class='ocr_line' id='line_1_30' title="bbox 144 1822 1578 1870; baseline -0.002 -9"><span class='ocrx_word' id='word_1_227' title='bbox 144 1837 229 1868; x_wconf 85' lang='lat' dir='ltr'>rent,</span> <span class='ocrx_word' id='word_1_228' title='bbox 255 1826 450 1867; x_wconf 80' lang='lat' dir='ltr'>statuerunt,</span> <span class='ocrx_word' id='word_1_229' title='bbox 474 1825 560 1859; x_wconf 89' lang='lat' dir='ltr'>utin</span> <span class='ocrx_word' id='word_1_230' title='bbox 580 1823 843 1865; x_wconf 81' lang='lat' dir='ltr'>venditionibus,</span> <span class='ocrx_word' id='word_1_231' title='bbox 868 1836 907 1857; x_wconf 86' lang='lat' dir='ltr'>ea</span> <span class='ocrx_word' id='word_1_232' title='bbox 932 1825 1034 1857; x_wconf 89' lang='lat' dir='ltr'>etiam</span> <span class='ocrx_word' id='word_1_233' title='bbox 1065 1836 1139 1870; x_wconf 74' lang='lat' dir='ltr'>quoe</span> <span class='ocrx_word' id='word_1_234' title='bbox 1165 1832 1245 1856; x_wconf 87' lang='lat' dir='ltr'>nota</span> <span class='ocrx_word' id='word_1_235' title='bbox 1276 1822 1382 1857; x_wconf 81' lang='lat' dir='ltr'>effent</span> <span class='ocrx_word' id='word_1_236' title='bbox 1408 1823 1578 1859; x_wconf 87' lang='lat' dir='ltr'>venditori</span> 
     </span>
     <span class='ocr_line' id='line_1_31' title="bbox 144 1868 1576 1918; baseline -0.001 -10"><span class='ocrx_word' id='word_1_237' title='bbox 144 1875 226 1908; x_wconf 81' lang='lat' dir='ltr'>vitia</span> <span class='ocrx_word' id='word_1_238' title='bbox 242 1871 451 1914; x_wconf 79' lang='lat' dir='ltr'>dicerentur,</span> <span class='ocrx_word' id='word_1_239' title='bbox 476 1871 568 1917; x_wconf 84' lang='lat' dir='ltr'>isque</span> <span class='ocrx_word' id='word_1_240' title='bbox 585 1872 767 1906; x_wconf 77' lang='lat' dir='ltr'>reticentiae</span> <span class='ocrx_word' id='word_1_241' title='bbox 782 1882 915 1918; x_wconf 84' lang='lat' dir='ltr'>poenam</span> <span class='ocrx_word' id='word_1_242' title='bbox 934 1869 1048 1913; x_wconf 85' lang='lat' dir='ltr'>ferret,</span> <span class='ocrx_word' id='word_1_243' title='bbox 1067 1872 1124 1916; x_wconf 85' lang='lat' dir='ltr'>qui</span> <span class='ocrx_word' id='word_1_244' title='bbox 1143 1868 1327 1917; x_wconf 81' lang='lat' dir='ltr'>quidquam</span> <span class='ocrx_word' id='word_1_245' title='bbox 1345 1870 1576 1907; x_wconf 76' lang='lat' dir='ltr'>diffimularcr.</span> 
     </span>
     <span class='ocr_line' id='line_1_32' title="bbox 144 1916 1574 1965; baseline -0.001 -11"><span class='ocrx_word' id='word_1_246' title='bbox 144 1922 310 1954; x_wconf 82' lang='lat' dir='ltr'>——Nam</span> <span class='ocrx_word' id='word_1_247' title='bbox 326 1931 417 1965; x_wconf 80' lang='lat' dir='ltr'>quum</span> <span class='ocrx_word' id='word_1_248' title='bbox 435 1932 473 1953; x_wconf 82' lang='lat' dir='ltr'>ex</span> <span class='ocrx_word' id='word_1_249' title='bbox 490 1919 642 1953; x_wconf 78' lang='lat' dir='ltr'>duodecim</span> <span class='ocrx_word' id='word_1_250' title='bbox 660 1919 770 1952; x_wconf 76' lang='lat' dir='ltr'>tabulis</span> <span class='ocrx_word' id='word_1_251' title='bbox 795 1919 869 1960; x_wconf 74' lang='lat' dir='ltr'>fatis</span> <span class='ocrx_word' id='word_1_252' title='bbox 885 1919 952 1962; x_wconf 83' lang='lat' dir='ltr'>esset</span> <span class='ocrx_word' id='word_1_253' title='bbox 970 1931 1006 1952; x_wconf 78' lang='lat' dir='ltr'>ea</span> <span class='ocrx_word' id='word_1_254' title='bbox 1021 1918 1162 1964; x_wconf 66' lang='lat' dir='ltr'>prestari,</span> <span class='ocrx_word' id='word_1_255' title='bbox 1189 1929 1249 1962; x_wconf 78' lang='lat' dir='ltr'>quae</span> <span class='ocrx_word' id='word_1_256' title='bbox 1267 1916 1354 1961; x_wconf 80' lang='lat' dir='ltr'>effent</span> <span class='ocrx_word' id='word_1_257' title='bbox 1371 1917 1476 1961; x_wconf 63' lang='lat' dir='ltr'>lingud</span> <span class='ocrx_word' id='word_1_258' title='bbox 1496 1932 1574 1953; x_wconf 81' lang='lat' dir='ltr'>nun-</span> 
     </span>
     <span class='ocr_line' id='line_1_33' title="bbox 143 1964 1572 2013; baseline -0.001 -12"><span class='ocrx_word' id='word_1_259' title='bbox 143 1977 280 2013; x_wconf 84' lang='lat' dir='ltr'>cupata;</span> <span class='ocrx_word' id='word_1_260' title='bbox 306 1979 366 2011; x_wconf 69' lang='lat' dir='ltr'>qua</span> <span class='ocrx_word' id='word_1_261' title='bbox 383 1968 432 2010; x_wconf 77' lang='lat' dir='ltr'>qui</span> <span class='ocrx_word' id='word_1_262' title='bbox 458 1967 603 2012; x_wconf 79' lang='lat' dir='ltr'>inficiatus</span> <span class='ocrx_word' id='word_1_263' title='bbox 620 1966 698 2010; x_wconf 76' lang='lat' dir='ltr'>effer,</span> <span class='ocrx_word' id='word_1_264' title='bbox 725 1967 806 2009; x_wconf 79' lang='lat' dir='ltr'>dupli</span> <span class='ocrx_word' id='word_1_265' title='bbox 822 1975 938 2010; x_wconf 76' lang='lat' dir='ltr'>poenam</span> <span class='ocrx_word' id='word_1_266' title='bbox 952 1964 1078 2009; x_wconf 78' lang='lat' dir='ltr'>subiret,</span> <span class='ocrx_word' id='word_1_267' title='bbox 1103 1977 1122 1998; x_wconf 79' lang='lat' dir='ltr'><em>a</em></span> <span class='ocrx_word' id='word_1_268' title='bbox 1145 1964 1353 2008; x_wconf 79' lang='lat' dir='ltr'>jureconsultis</span> <span class='ocrx_word' id='word_1_269' title='bbox 1384 1968 1477 1999; x_wconf 73' lang='lat' dir='ltr'>etiam</span> <span class='ocrx_word' id='word_1_270' title='bbox 1498 1969 1572 1999; x_wconf 78' lang='lat' dir='ltr'>reti-</span> 
     </span>
     <span class='ocr_line' id='line_1_34' title="bbox 144 2010 1576 2060; baseline -0.003 -11"><span class='ocrx_word' id='word_1_271' title='bbox 144 2016 243 2049; x_wconf 69' lang='lat' dir='ltr'>centio</span> <span class='ocrx_word' id='word_1_272' title='bbox 268 2024 354 2059; x_wconf 75' lang='lat' dir='ltr'>poma</span> <span class='ocrx_word' id='word_1_273' title='bbox 381 2013 417 2058; x_wconf 83' lang='lat' dir='ltr'>est</span> <span class='ocrx_word' id='word_1_274' title='bbox 442 2013 605 2059; x_wconf 80' lang='lat' dir='ltr'>constituta.</span> <span class='ocrx_word' id='word_1_275' title='bbox 658 2013 825 2060; x_wconf 76' lang='lat' dir='ltr'>Qidquid</span> <span class='ocrx_word' id='word_1_276' title='bbox 851 2013 930 2047; x_wconf 83' lang='lat' dir='ltr'>enim</span> <span class='ocrx_word' id='word_1_277' title='bbox 955 2013 992 2055; x_wconf 81' lang='lat' dir='ltr'>est</span> <span class='ocrx_word' id='word_1_278' title='bbox 1021 2010 1058 2046; x_wconf 60' lang='grc' dir='ltr'>ὠ*</span> <span class='ocrx_word' id='word_1_279' title='bbox 1074 2014 1178 2057; x_wconf 69' lang='lat' dir='ltr'>predio</span> <span class='ocrx_word' id='word_1_280' title='bbox 1195 2012 1275 2053; x_wconf 76' lang='lat' dir='ltr'>vitii,</span> <span class='ocrx_word' id='word_1_281' title='bbox 1301 2013 1331 2045; x_wconf 80' lang='lat' dir='ltr'>id</span> <span class='ocrx_word' id='word_1_282' title='bbox 1348 2012 1530 2057; x_wconf 68' lang='lat' dir='ltr'>statuerunt,</span> <span class='ocrx_word' id='word_1_283' title='bbox 1549 2014 1576 2059; x_wconf 86' lang='lat' dir='ltr'><em>fi</em></span> 
     </span>
     <span class='ocr_line' id='line_1_35' title="bbox 144 2058 1571 2107; baseline -0.002 -11"><span class='ocrx_word' id='word_1_284' title='bbox 144 2063 274 2096; x_wconf 76' lang='lat' dir='ltr'>venditor</span> <span class='ocrx_word' id='word_1_285' title='bbox 295 2060 402 2105; x_wconf 81' lang='lat' dir='ltr'>sciret,</span> <span class='ocrx_word' id='word_1_286' title='bbox 427 2061 477 2107; x_wconf 65' lang='lat' dir='ltr'>ulfi</span> <span class='ocrx_word' id='word_1_287' title='bbox 497 2062 674 2095; x_wconf 73' lang='lat' dir='ltr'>nominatim</span> <span class='ocrx_word' id='word_1_288' title='bbox 693 2062 803 2094; x_wconf 66' lang='lat' dir='ltr'>tiic‘tum</span> <span class='ocrx_word' id='word_1_289' title='bbox 820 2059 896 2104; x_wconf 72' lang='lat' dir='ltr'>effes,</span> <span class='ocrx_word' id='word_1_290' title='bbox 921 2059 1048 2104; x_wconf 58' lang='lat' dir='ltr'>prestari</span> <span class='ocrx_word' id='word_1_291' title='bbox 1075 2059 1379 2103; x_wconf 53' lang='lat' dir='ltr'>oportere—Cic.</span> <span class='ocrx_word' id='word_1_292' title='bbox 1406 2058 1449 2094; x_wconf 91' lang='lat' dir='ltr'>de</span> <span class='ocrx_word' id='word_1_293' title='bbox 1471 2059 1571 2093; x_wconf 79' lang='lat' dir='ltr'>Offic.</span> 
     </span>
     <span class='ocr_line' id='line_1_36' title="bbox 144 2104 1574 2154; baseline -0.001 -12"><span class='ocrx_word' id='word_1_294' title='bbox 144 2109 211 2143; x_wconf 86' lang='grc' dir='ltr'><strong>ΙΙΙ.</strong></span> <span class='ocrx_word' id='word_1_295' title='bbox 230 2113 282 2142; x_wconf 90' lang='lat'>16.</span> <span class='ocrx_word' id='word_1_296' title='bbox 310 2109 370 2154; x_wconf 83' lang='lat' dir='ltr'>qui</span> <span class='ocrx_word' id='word_1_297' title='bbox 400 2111 437 2142; x_wconf 91' lang='lat'>&amp;</span> <span class='ocrx_word' id='word_1_298' title='bbox 464 2107 543 2141; x_wconf 84' lang='lat' dir='ltr'>alibi</span> <span class='ocrx_word' id='word_1_299' title='bbox 575 2107 657 2153; x_wconf 86' lang='lat' dir='ltr'>Cap.</span> <span class='ocrx_word' id='word_1_300' title='bbox 677 2119 731 2141; x_wconf 88' lang='lat'>12.</span> <span class='ocrx_word' id='word_1_301' title='bbox 761 2104 930 2153; x_wconf 84' lang='lat' dir='ltr'>disputat,</span> <span class='ocrx_word' id='word_1_302' title='bbox 971 2105 993 2140; x_wconf 75' lang='lat' dir='ltr'>sl</span> <span class='ocrx_word' id='word_1_303' title='bbox 1015 2108 1076 2142; x_wconf 86' lang='lat' dir='ltr'>Vir</span> <span class='ocrx_word' id='word_1_304' title='bbox 1105 2105 1212 2139; x_wconf 85' lang='lat' dir='ltr'>bonus</span> <span class='ocrx_word' id='word_1_305' title='bbox 1231 2108 1422 2141; x_wconf 80' lang='lat' dir='ltr'>Alexandria</span> <span class='ocrx_word' id='word_1_306' title='bbox 1440 2107 1574 2141; x_wconf 80' lang='lat' dir='ltr'>Rhodum</span> 
     </span>
     <span class='ocr_line' id='line_1_37' title="bbox 145 2153 1574 2199; baseline -0.003 -9"><span class='ocrx_word' id='word_1_307' title='bbox 145 2167 300 2199; x_wconf 79' lang='lat' dir='ltr'>magnum</span> <span class='ocrx_word' id='word_1_308' title='bbox 317 2154 475 2189; x_wconf 82' lang='lat' dir='ltr'>frumenti</span> <span class='ocrx_word' id='word_1_309' title='bbox 494 2166 670 2188; x_wconf 87' lang='lat' dir='ltr'>numerum</span> <span class='ocrx_word' id='word_1_310' title='bbox 689 2154 861 2188; x_wconf 84' lang='lat' dir='ltr'>advexerit</span> <span class='ocrx_word' id='word_1_311' title='bbox 879 2155 912 2187; x_wconf 86' lang='lat' dir='ltr'>in</span> <span class='ocrx_word' id='word_1_312' title='bbox 929 2155 1109 2188; x_wconf 74' lang='lat' dir='ltr'>Rhodiorum</span> <span class='ocrx_word' id='word_1_313' title='bbox 1128 2154 1240 2198; x_wconf 67' lang='lat' dir='ltr'>inopia</span> <span class='ocrx_word' id='word_1_314' title='bbox 1260 2153 1293 2188; x_wconf 75' lang='grc' dir='ltr'>δι</span> <span class='ocrx_word' id='word_1_315' title='bbox 1307 2153 1405 2195; x_wconf 82' lang='lat' dir='ltr'>farne,</span> <span class='ocrx_word' id='word_1_316' title='bbox 1433 2153 1574 2187; x_wconf 60' lang='lat' dir='ltr'>summ&amp;-</span> 
     </span>
     <span class='ocr_line' id='line_1_38' title="bbox 145 2199 1573 2249; baseline -0.003 -13"><span class='ocrx_word' id='word_1_317' title='bbox 145 2215 212 2249; x_wconf 87' lang='lat' dir='ltr'>que</span> <span class='ocrx_word' id='word_1_318' title='bbox 231 2214 367 2236; x_wconf 81' lang='lat' dir='ltr'>annonae</span> <span class='ocrx_word' id='word_1_319' title='bbox 381 2203 532 2244; x_wconf 85' lang='lat' dir='ltr'>caritate,</span> <span class='ocrx_word' id='word_1_320' title='bbox 553 2200 576 2235; x_wconf 87' lang='lat' dir='ltr'>fi</span> <span class='ocrx_word' id='word_1_321' title='bbox 595 2201 685 2235; x_wconf 83' lang='lat' dir='ltr'>idem</span> <span class='ocrx_word' id='word_1_322' title='bbox 702 2200 793 2243; x_wconf 82' lang='lat' dir='ltr'>sciat,</span> <span class='ocrx_word' id='word_1_323' title='bbox 813 2200 1001 2248; x_wconf 86' lang='lat' dir='ltr'>complures</span> <span class='ocrx_word' id='word_1_324' title='bbox 1015 2210 1217 2234; x_wconf 81' lang='lat' dir='ltr'>mercatores</span> <span class='ocrx_word' id='word_1_325' title='bbox 1231 2199 1421 2235; x_wconf 64' lang='lat' dir='ltr'>Alexandrid</span> <span class='ocrx_word' id='word_1_326' title='bbox 1435 2200 1573 2240; x_wconf 65' lang='lat' dir='ltr'>solvisse,</span> 
     </span>
     <span class='ocr_line' id='line_1_39' title="bbox 146 2245 1569 2295; baseline -0.002 -12"><span class='ocrx_word' id='word_1_327' title='bbox 146 2248 308 2295; x_wconf 84' lang='lat' dir='ltr'>navesque</span> <span class='ocrx_word' id='word_1_328' title='bbox 325 2250 359 2282; x_wconf 90' lang='lat' dir='ltr'>in</span> <span class='ocrx_word' id='word_1_329' title='bbox 378 2247 471 2283; x_wconf 89' lang='lat' dir='ltr'>cursu</span> <span class='ocrx_word' id='word_1_330' title='bbox 491 2247 658 2283; x_wconf 84' lang='lat' dir='ltr'>frumento</span> <span class='ocrx_word' id='word_1_331' title='bbox 676 2249 816 2291; x_wconf 84' lang='lat' dir='ltr'>onustas,</span> <span class='ocrx_word' id='word_1_332' title='bbox 844 2258 994 2294; x_wconf 83' lang='lat' dir='ltr'>petentes</span> <span class='ocrx_word' id='word_1_333' title='bbox 1008 2249 1142 2282; x_wconf 83' lang='lat' dir='ltr'>Rhodum</span> <span class='ocrx_word' id='word_1_334' title='bbox 1164 2247 1300 2281; x_wconf 86' lang='lat' dir='ltr'>viderit:</span> <span class='ocrx_word' id='word_1_335' title='bbox 1327 2245 1519 2281; x_wconf 57' lang='lat' dir='ltr'>diffitumsne</span> <span class='ocrx_word' id='word_1_336' title='bbox 1535 2246 1569 2280; x_wconf 89' lang='lat' dir='ltr'>id</span> 
     </span>
     <span class='ocr_line' id='line_1_40' title="bbox 145 2293 1572 2343; baseline -0.002 -13"><span class='ocrx_word' id='word_1_337' title='bbox 145 2295 186 2330; x_wconf 83' lang='lat' dir='ltr'>fit</span> <span class='ocrx_word' id='word_1_338' title='bbox 203 2297 334 2337; x_wconf 80' lang='lat' dir='ltr'>Rhodiis,</span> <span class='ocrx_word' id='word_1_339' title='bbox 361 2309 402 2329; x_wconf 91' lang='lat' dir='ltr'>an</span> <span class='ocrx_word' id='word_1_340' title='bbox 421 2294 553 2329; x_wconf 84' lang='lat' dir='ltr'>filentio</span> <span class='ocrx_word' id='word_1_341' title='bbox 576 2295 668 2330; x_wconf 86' lang='lat' dir='ltr'>suurn</span> <span class='ocrx_word' id='word_1_342' title='bbox 686 2309 788 2343; x_wconf 84' lang='lat' dir='ltr'>quam</span> <span class='ocrx_word' id='word_1_343' title='bbox 807 2296 952 2342; x_wconf 86' lang='lat' dir='ltr'>plurimo</span> <span class='ocrx_word' id='word_1_344' title='bbox 971 2294 1197 2330; x_wconf 85' lang='lat' dir='ltr'>venditurus?</span> <span class='ocrx_word' id='word_1_345' title='bbox 1238 2298 1289 2328; x_wconf 86' lang='lat' dir='ltr'>De</span> <span class='ocrx_word' id='word_1_346' title='bbox 1311 2307 1375 2339; x_wconf 86' lang='lat' dir='ltr'>qua</span> <span class='ocrx_word' id='word_1_347' title='bbox 1397 2293 1572 2339; x_wconf 67' lang='lat' dir='ltr'>quaestionc</span> 
     </span>
     <span class='ocr_line' id='line_1_41' title="bbox 145 2341 1567 2387; baseline -0.004 -8"><span class='ocrx_word' id='word_1_348' title='bbox 145 2343 284 2379; x_wconf 83' lang='lat' dir='ltr'>videndi</span> <span class='ocrx_word' id='word_1_349' title='bbox 301 2344 402 2378; x_wconf 86' lang='lat' dir='ltr'>etiam</span> <span class='ocrx_word' id='word_1_350' title='bbox 417 2344 540 2378; x_wconf 74' lang='lat' dir='ltr'>Grotius</span> <span class='ocrx_word' id='word_1_351' title='bbox 563 2344 680 2386; x_wconf 85' lang='lat' dir='ltr'>dejure</span> <span class='ocrx_word' id='word_1_352' title='bbox 694 2346 769 2379; x_wconf 83' lang='lat' dir='ltr'>Belli</span> <span class='ocrx_word' id='word_1_353' title='bbox 791 2356 828 2378; x_wconf 86' lang='lat' dir='ltr'>ac</span> <span class='ocrx_word' id='word_1_354' title='bbox 843 2345 939 2386; x_wconf 76' lang='lat' dir='ltr'><em>Pacis,</em></span> <span class='ocrx_word' id='word_1_355' title='bbox 965 2344 1011 2378; x_wconf 86' lang='grc' dir='ltr'>ΙΙ.</span> <span class='ocrx_word' id='word_1_356' title='bbox 1031 2355 1084 2380; x_wconf 89' lang='lat'>12.</span> <span class='ocrx_word' id='word_1_357' title='bbox 1113 2346 1149 2378; x_wconf 86' lang='lat'>&amp;</span> <span class='ocrx_word' id='word_1_358' title='bbox 1166 2341 1340 2387; x_wconf 79' lang='lat' dir='ltr'>Pufendorf.</span> <span class='ocrx_word' id='word_1_359' title='bbox 1361 2343 1473 2383; x_wconf 81' lang='lat' dir='ltr'>dejure</span> <span class='ocrx_word' id='word_1_360' title='bbox 1491 2341 1567 2374; x_wconf 68' lang='lat' dir='ltr'>Nat.</span> 
     </span>
    </p>
   </div>
   <div class='ocr_carea' id='block_1_8' title="bbox 1555 2398 1570 2406">
    <p class='ocr_par' dir='ltr' id='par_1_12' title="bbox 1555 2398 1570 2406">
     <span class='ocr_line' id='line_1_42' title="bbox 1555 2398 1570 2406; baseline 0 0"><span class='ocrx_word' id='word_1_361' title='bbox 1555 2398 1570 2406; x_wconf 62' lang='grc' dir='ltr'><strong>ν</strong></span> 
     </span>
    </p>
   </div>
  </div>
 </body>
</html>
