2059 2812
394 181 433 228 4
733 157 1475 213 PROOEMIUM&c.

392 258 543 310 foveat,
571 269 663 300 toto
684 258 866 312 legitimo
888 272 1011 311 opere
1029 257 1225 311 perfetsto,
1251 258 1360 310 poffe
1379 259 1496 298 etiam
1517 259 1687 299 nostram
1704 261 1827 300 Rem-

390 325 587 378 publicam
614 324 654 363 in
678 322 857 376 partibus
880 323 962 376 ejus
986 322 1099 363 vobis
1119 321 1325 362 credendis
1348 321 1577 374 gubernari.
1608 339 1648 365 D.
1679 336 1740 366 ce.
1770 337 1825 365 xi.

389 387 768 430 Kalend.Decemb.
799 404 840 429 D.
872 401 1132 429 IVSTINIANO
1163 402 1219 428 ΡΡ.
1250 400 1286 426 A.
1318 401 1385 428 111.
1419 400 1509 428 cos.

440 512 475 534 D.
506 511 558 536 cp.
582 502 650 535 &c.
698 497 737 534 Id
757 497 814 539 est,
839 500 925 531 Data
945 495 1235 542 Constantinopoli
1256 508 1312 530 xr.
1336 494 1505 530 Kalendas
1522 496 1732 539 Decembris,
1755 499 1825 531 Do-

391 549 485 583 mino
503 546 694 594 Justiniano
708 554 873 592 perpetuo
888 544 1037 587 Augusto
1052 545 1189 578 tertium
1209 542 1363 577 Consule.

442 594 509 628 Hic
526 594 592 628 loci
610 604 675 626 non
693 589 907 626 incommode
922 590 1055 625 videtur
1067 589 1317 637 exponendum,
1340 590 1447 637 qualis
1465 589 1552 625 ordo
1570 591 1726 638 ratioque
1741 590 1823 626 olim

391 640 494 676 fuerit
510 640 708 674 Studiorum
724 638 957 686 juridicorum
975 638 1063 684 apud
1079 640 1265 673 Romanos.

440 692 466 723 A
487 687 657 721 Bellorum
675 687 876 720 Punicorum
892 685 1111 732 temporibus,
1139 684 1258 730 quibus
1277 685 1421 730 primum
1437 685 1549 718 Roma
1564 684 1826 729 elegantioribus

392 736 531 777 Literis,
557 734 831 779 optimatumque
849 733 972 776 artium
989 732 1103 766 studiis
1121 732 1285 766 honorem
1305 731 1425 766 habere
1441 733 1560 777 coepit,
1587 732 1824 768 Adolescentes

417 784 522 816 rimos
540 793 643 814 annos
661 779 785 814 dabant
797 781 923 814 Graecis
941 780 1077 822 Literis,
1103 779 1258 825 adeoque
1270 780 1528 822 Grammaticos,
1548 780 1726 822 Rhetores,
1744 780 1823 814 Phi-

390 828 563 875 losophos,
582 825 776 861 audiebant.
805 828 898 860 Hinc
917 825 1047 873 sumpt&
1065 826 1154 861 virili
1170 836 1249 870 toga
1264 824 1332 860 sese
1350 826 1392 860 ad
1411 825 1576 861 forensem
1597 826 1824 875 praeparabant

389 875 646 922 Eloquentiam,
671 878 708 909 &
725 886 743 907 a
759 874 845 907 Viro
861 873 1007 919 quodam
1030 873 1148 908 illustri
1169 875 1200 907 in
1220 872 1332 907 forum
1354 872 1623 917 deducebantur,
1649 874 1742 921 quod
1762 874 1822 908 fle-

386 921 446 957 bat
457 935 524 956 non
542 920 609 956 fine
629 921 853 963 solemnitate,
878 924 914 956 &
931 932 967 955 ut
984 919 1174 955 deducendi
1194 921 1227 954 in
1247 920 1357 954 forum
1376 920 1524 955 officium
1547 920 1704 968 frequens
1722 920 1824 956 habe-

385 979 464 1004 rent
478 970 639 1011 Tirones,
667 967 740 1003 dies
757 967 948 1012 eligebatur
967 970 1049 1013 Togae
1062 978 1140 1013 purae
1164 967 1311 1009 Dandae,
1338 966 1430 1003 fimul
1452 967 1679 1003 advocabatur
1706 968 1822 1003 Clien-

384 1018 470 1051 tium
485 1015 594 1058 turba,
618 1028 693 1062 quae
708 1014 965 1049 Adolescentem
983 1014 1141 1062 frequens
1157 1017 1389 1050 comitaretur.
1441 1016 1530 1050 Hinc
1544 1014 1647 1051 Ovid.
1664 1014 1819 1052 Lib.111.

384 1063 469 1099 Fast.
498 1075 529 1098 v.
544 1064 625 1102 787.

691 1111 772 1155 Ergo
791 1118 826 1142 ut
844 1107 984 1153 Tironem
1002 1111 1150 1144 celebrare
1165 1108 1342 1155 frequentia
1359 1110 1461 1155 posset,

769 1156 837 1200 Visa
855 1156 932 1190 Dies
945 1157 1013 1190 DA
1026 1158 1150 1192 NDAE
1172 1169 1228 1191 non
1243 1158 1343 1191 aliena
1362 1159 1426 1191 TO
1438 1159 1528 1192 GAE.

383 1249 581 1298 Aliquando
596 1251 744 1293 Athenas,
770 1250 918 1292 Rhodum,
944 1249 1131 1297 Mitylenen,
1157 1248 1329 1290 Maffiliam
1353 1246 1539 1281 studiorum
1565 1247 1660 1282 causa
1685 1246 1823 1285 secede-

381 1295 476 1341 bant,
503 1311 545 1333 ne
557 1297 708 1332 Urbanis
726 1298 872 1339 negotiis
886 1295 1160 1329 distraherentur.
1206 1294 1302 1338 Qin
1317 1296 1354 1327 &
1373 1292 1395 1326 fi
1411 1293 1573 1341 stipendia
1588 1293 1750 1338 facerent,
1777 1309 1820 1332 ne

377 1344 415 1378 in
437 1345 550 1379 castris
573 1343 714 1390 quidem
731 1341 798 1377 sese
817 1340 857 1376 ab
876 1341 1119 1376 honestioribus
1137 1340 1252 1375 studiis
1270 1339 1387 1374 divelli
1406 1339 1632 1386 patiebantur.
1687 1342 1760 1387 Qi
1786 1343 1820 1379 se

379 1390 659 1438 Iurisprudentiae
680 1389 953 1424 consecraverant
969 1388 1004 1422 id
1027 1390 1060 1422 in
1078 1389 1196 1435 primis
1216 1386 1340 1421 dabant
1364 1399 1515 1433 operam,
1539 1401 1581 1424 ne
1600 1388 1735 1424 Philoso
1761 1390 1819 1426 hia

377 1435 532 1472 destituti
557 1437 626 1471 haec
645 1435 735 1470 sacra
754 1438 982 1479 attingerent:
1013 1437 1073 1469 His
1092 1447 1193 1482 porro
1219 1434 1369 1468 instrasti
1396 1433 1553 1480 praesidiis
1570 1404 1819 1483 Jurisconlfissto

377 1483 514 1519 cuidam
529 1483 709 1518 celebriori
725 1481 791 1517 sese
811 1481 1054 1529 adjungebant,
1081 1492 1118 1516 ut
1136 1480 1219 1528 quid
1243 1479 1495 1527 responderent,
1522 1494 1604 1529 quas
1629 1485 1817 1527 cautiones,

376 1532 550 1574 Aetiones',
576 1533 665 1565 Exce
692 1532 816 1573 tiones,
843 1528 1040 1573 Inter-dieta,
1066 1530 1101 1563 in
1117 1529 1236 1575 quavis
1258 1528 1357 1562 causa
1382 1527 1669 1573 commendarent,
1696 1531 1818 1578 quibus

375 1577 565 1613 rationibus
595 1589 659 1612 con
688 1577 733 1612 lia
759 1576 814 1612 sua
836 1577 1024 1619 firmarent,
1060 1575 1218 1611 audirent
1239 1587 1382 1617 coram3
1416 1588 1520 1623 eaque
1548 1575 1609 1611 fibi
1640 1580 1752 1613 omnia
1781 1581 1818 1614 in

373 1623 506 1660 futuros
522 1624 598 1660 usus
615 1634 804 1660 enotarent.
849 1626 898 1659 Ita
915 1624 1064 1670 denique
1080 1623 1279 1671 perpolitos,
1299 1623 1564 1669 exercitatosque
1577 1625 1714 1670 juvenes
1729 1625 1816 1660 nihil

376 1671 591 1719 prohibebat,
647 1685 691 1708 uo
711 1673 822 1707 minus
838 1670 1082 1720 Respondendi
1098 1670 1141 1705 de
1154 1671 1229 1716 jure
1244 1669 1396 1706 facerent
1418 1670 1623 1705 Periculum.
1676 1673 1814 1708 Profeffi

374 1731 455 1754 vero
468 1686 744 1768 JurisconsultOS,
769 1722 804 1753 &
823 1720 857 1753 in
878 1718 952 1754 foro
967 1717 1245 1762 obambulabant,
1271 1729 1309 1753 ut
1323 1716 1523 1752 consulturis
1542 1717 1623 1752 esset
1639 1717 1686 1752 sui
1701 1721 1814 1768 copia,

374 1770 412 1802 ὃ(
428 1766 451 1801 fi
469 1768 592 1802 eximia
610 1765 762 1813 quaedam
771 1765 965 1800 Prudentiae
980 1764 1227 1800 consultatoriae
1239 1763 1419 1812 specimina
1432 1764 1609 1808 dedissent,
1627 1764 1744 1800 limina
1759 1766 1812 1801 sua

373 1812 431 1849 sub
449 1813 559 1862 ipsum
575 1815 667 1849 Galli
682 1823 820 1848 cantum
835 1812 979 1848 obsideri
996 1811 1155 1851 videbant
1168 1825 1186 1846 a
1203 1811 1408 1854 clientibus,
1434 1811 1558 1858 quibus
1579 1811 1640 1860 ipsi
1660 1812 1812 1860 responsa

373 1872 415 1895 ex
440 1860 536 1904 solio,
562 1871 720 1908 tanquam
742 1873 784 1895 ex
807 1860 962 1907 Tripode
979 1860 1142 1903 Oracula,
1162 1858 1359 1895 fundebant.
1412 1862 1457 1894 At
1481 1859 1620 1894 istorum
1638 1859 1812 1907 responso-

372 1919 445 1941 rum
473 1919 545 1943 tum
570 1909 721 1943 nondum
746 1918 820 1943 erat
845 1918 936 1943 tanta
955 1908 1158 1950 Aueroritas,
1185 1917 1223 1942 ut
1248 1907 1300 1942 vel
1318 1906 1454 1953 Judices
1475 1906 1731 1950 obstringerent,
1757 1909 1809 1943 vel

371 1954 519 1989 dicendo
539 1968 607 1990 non
626 1956 709 2003 saepe
730 1965 961 1990 everterentur
980 1954 1021 1990 ab
1034 1954 1255 1997 Oratoribus;
1294 1954 1382 1999 Qae
1396 1955 1510 1988 omnia
1528 1954 1628 1988 aliter
1650 1953 1680 1988 se
1696 1967 1811 2003 coepe-

372 2012 449 2036 runt
466 2001 603 2045 habere,
630 2015 671 2037 ex
689 2015 758 2050 quo
776 2004 876 2038 certis
898 2013 1028 2039 tantum
1046 2000 1359 2049 Jurisprudentibus
1373 2000 1511 2035 facultas
1525 2000 1567 2035 ab
1582 2001 1712 2046 Augusto
1730 2003 1810 2037 data

371 2048 417 2083 est
431 2048 474 2084 de
484 2052 565 2097 Jure
584 2049 822 2096 respondendi,
850 2050 1074 2099 impositaque
1084 2049 1257 2101 judicibus
1273 2048 1454 2092 necemus,
1479 2057 1517 2082 ut
1531 2061 1597 2083 non
1612 2049 1810 2086 recederent

371 2094 413 2130 ab
428 2108 547 2132 eorum
559 2097 756 2134 Sententiis.

1403 2377 1406 2379 ’
1437 2360 1803 2406 ELEMENTA
