2059 2812
700 153 812 207 Lib.
843 153 881 208 I.
954 153 1052 208 Tit.
1082 154 1148 207 IL
1573 165 1640 213 25

737 258 782 305 T
821 273 841 307 1
881 274 930 307 T.
1004 258 1097 308 III.

607 355 687 405 De
721 353 854 420 Jure
886 353 1227 422 Personarum.

262 471 297 496 1.
325 455 457 495 Prima
476 458 510 495 ὅ(
529 454 677 494 summa
697 454 954 507 personarum
974 451 1115 493 divifio
1135 452 1203 499 est,
1233 448 1341 504 quod
1360 449 1553 491 Homines
1571 459 1637 489 aut

205 518 308 560 liberi
329 519 431 568 sunt,
460 528 526 558 aut
532 517 649 571 strvi.

261 599 297 624 2.
329 586 382 621 Et
400 582 578 624 Libertas
602 580 763 633 quidem
786 582 840 621 est
858 579 1046 620 naturalis
1065 579 1229 621 facultas
1257 579 1337 633 ejus
1364 576 1472 630 quod
1498 575 1640 627 cuique

205 646 336 688 facere
364 647 479 696 libet,
506 645 575 685 nisi
593 644 619 684 fi
638 643 733 697 quid
754 644 810 693 vi,
836 655 902 684 aut
920 646 1006 698 jure
1024 643 1281 697 prohibetur.
1339 641 1408 683 Vis
1426 639 1532 678 enim
1559 652 1641 677 non

206 712 387 753 censetur
402 710 576 751 adimere
596 709 837 757 libertatem,
865 708 962 750 licet
981 708 1215 749 exercitium
1235 705 1432 746 libertatis
1450 702 1639 759 impedit;

206 783 240 819 ὃ(
256 781 344 818 cum
360 777 445 830 jure
464 773 724 828 prohibemur
737 773 836 827 quid
855 785 989 826 agere,
1015 786 1096 812 non
1116 769 1274 811 videtur
1295 768 1506 808 imminuta
1521 766 1643 805 liber-

208 851 292 892 tas;
336 853 424 881 cum
444 837 574 878 facere
593 851 665 877 nos
684 852 765 877 non
790 837 900 890 poffe
929 835 1169 877 credendum
1196 832 1256 883 fit,
1285 829 1393 886 quod
1413 829 1577 869 honeste
1600 843 1643 869 ac

206 905 320 945 licite
338 904 469 943 facere
489 916 561 956 per
579 902 685 956 leges
703 915 783 940 non
803 901 1013 954 poffumus.

268 983 300 1015 3.
332 967 508 1005 Servitus
523 974 655 1003 autem
669 963 724 1002 est
738 962 974 1003 constitutio
988 961 1084 1015 juris
1098 958 1305 1007 Gentium,
1320 956 1396 1011 qu&
1412 955 1499 1008 quis
1515 954 1646 993 alieno

209 1029 405 1070 Dominio
424 1037 566 1067 contra
585 1037 766 1066 naturam
782 1025 1002 1079 subjicitur.

264 1108 302 1142 4.
332 1092 536 1132 Dicuntur
555 1089 657 1130 servi
678 1103 700 1129 a
718 1102 966 1137 SERVANDO‚
992 1086 1101 1140 quod
1114 1090 1243 1140 Impp.
1265 1083 1445 1138 captivos
1464 1080 1651 1128 vendere,

211 1171 254 1196 ac
283 1169 356 1207 per
383 1155 461 1193 hoc
489 1153 660 1201 servare,
689 1166 761 1191 nec
791 1151 974 1193 occidere
1002 1150 1160 1201 solent;
1199 1149 1269 1202 qui
1301 1148 1421 1189 etiam
1454 1145 1651 1198 mancipia

212 1217 312 1258 dieti
338 1215 443 1261 sunt,
472 1217 521 1253 eo
541 1211 651 1265 quod
669 1210 718 1250 ab
737 1211 916 1251 hostibus
934 1226 1042 1250 manu
1061 1212 1265 1263 capiantur.

271 1295 308 1328 5.
340 1277 452 1317 Servi
479 1284 608 1314 autem
636 1283 704 1312 aut
723 1274 916 1325 nascuntur
942 1284 1011 1312 aut
1028 1273 1138 1321 fiunt.
1196 1273 1413 1325 Nascuntur
1435 1285 1481 1311 ex
1501 1269 1654 1309 ancillis

213 1345 371 1391 nostris,
399 1347 433 1382 ὅ(
452 1347 645 1382 vocantur
663 1350 835 1378 VERNAE.
894 1337 1007 1376 Fiunt
1024 1346 1094 1375 aut
1112 1337 1198 1388 jure
1211 1336 1407 1374 Gentium
1425 1348 1473 1373 ex
1488 1333 1656 1386 captivi·

215 1418 297 1449 tate
314 1427 325 1459 3
356 1413 423 1445 aut
438 1405 523 1457 jure
540 1400 668 1449 civili,
697 1413 784 1441 cum
806 1399 909 1439 liber
924 1399 1048 1440 homo
1062 1399 1190 1453 major
1206 1397 1353 1452 viginti
1370 1397 1480 1437 annis
1500 1396 1550 1436 ad
1567 1408 1657 1449 pre-

214 1471 317 1510 tium
335 1462 656 1520 participandum
674 1460 714 1502 se
735 1461 954 1504 venundari
973 1461 1099 1515 paffus
1120 1461 1189 1502 est.

217 1591 292 1614 rum
308 1573 483 1622 regebatur)
508 1573 570 1621 ipsa
587 1573 670 1607 edita
680 1571 763 1618 sunt,
789 1581 822 1607 ut
839 1573 873 1615 ii,
898 1573 949 1617 qui
971 1571 1171 1606 Parliamenti
1188 1568 1316 1614 Angliae
1330 1567 1475 1613 formam,
1502 1567 1659 1600 Convoca-

217 1629 305 1662 tionis
322 1636 435 1671 quoque
450 1626 507 1665 ejus
525 1622 685 1662 Ordinem,
713 1618 749 1654 (θ’
764 1620 879 1654 modum
895 1630 1050 1662 noverunt,
1076 1620 1131 1653 huc
1145 1617 1299 1663 distinctius
1314 1614 1425 1660 referre
1441 1622 1560 1648 norunt.
1612 1614 1658 1647 Et

209 1674 239 1721 fi
256 1677 382 1709 Statura
399 1672 454 1704 haec
472 1678 561 1703 tanta
578 1667 764 1704 Solennitate
784 1666 820 1702 ὠ·
834 1665 995 1712 prudentia
1014 1668 1108 1708 edita,
1134 1666 1267 1709 efficacia
1289 1673 1393 1704 tantu,
1417 1670 1532 1707 quanta
1558 1660 1659 1693 condi-

219 1731 316 1756 torum
333 1719 471 1764 cupiebat
486 1717 627 1758 Intentio,
652 1726 710 1748 non
731 1716 784 1758 effe
801 1716 988 1758 contingant,
1016 1711 1128 1748 concub
1144 1712 1299 1758 reformari
1323 1710 1386 1757 ipsa
1401 1707 1525 1754 possunt,
1550 1705 1587 1741 &
1604 1718 1660 1741 non

212 1768 276 1815 fine
291 1765 553 1800 communitatis
571 1766 607 1798 &
627 1762 806 1796 Procerum
824 1763 918 1805 regni
941 1763 1014 1795 illius
1031 1759 1153 1806 affensu,
1177 1762 1262 1805 quali
1288 1758 1352 1804 ipsa
1371 1752 1514 1803 primitus
1532 1765 1660 1789 emana-

221 1824 307 1850 runt.

270 1864 314 1895 Et
331 1871 405 1893 cum
428 1858 504 1905 jure
531 1855 768 1904 prohibemur]
805 1856 880 1890 Cic.
901 1867 961 1902 pro
979 1853 1116 1890 Cluent‚
1133 1866 1204 1901 cap.
1225 1866 1277 1901 53.
1306 1852 1426 1898 Legum
1444 1850 1551 1884 idcirco
1564 1859 1662 1883 omnes

218 1908 299 1954 servi
310 1907 422 1953 summ,
446 1914 481 1941 ut
496 1906 580 1940 liberi
597 1903 651 1949 effe
663 1902 803 1948 poffimzu.
857 1903 991 1937 Iudicat
1008 1902 1095 1936 hanc
1115 1903 1352 1949 exceptionem
1370 1896 1458 1934 illud
1476 1896 1658 1943 Perfianum·

223 1956 290 1991 Sat.
308 1967 336 2001 ς.
559 2001 693 2044 Excepto
708 1997 735 2045 fi
755 1998 825 2043 quid
842 1997 968 2044 Masuri
984 1999 1104 2032 rubrica
1121 1998 1250 2033 vetavit.

274 2095 430 2132 Vendere
447 2107 484 2129 ac
503 2107 561 2142 per
580 2093 644 2128 hoc
664 2090 809 2138 servare]
843 2093 929 2126 Hor.
952 2092 1052 2139 Epist.
1073 2090 1187 2128 Lib.1.
1209 2102 1291 2127 xV1.
1313 2102 1342 2125 v.
1360 2093 1417 2129 69,

562 2180 694 2216 Vendere
711 2191 779 2216 cum
792 2178 876 2225 poffis
895 2181 1059 2226 captivum,
1083 2181 1217 2216 occidere
1233 2180 1303 2215 noli.

230 2274 397 2311 Similiter
416 2272 522 2308 Caesar
537 2274 663 2311 Haeduis
679 2273 859 2319 fignificat,
884 2272 943 2310 suo
958 2275 1128 2311 beneficio
1149 2274 1307 2318 servatos,
1329 2282 1416 2322 quos
1444 2280 1532 2306 lvnr
1562 2278 1666 2302 Βειιι

231 2321 425 2358 interficere
442 2320 608 2368 potuisset.
660 2323 739 2358 Lib.
758 2335 792 2363 7.
812 2321 943 2359 Comm.
963 2336 1037 2371 cap.
1055 2334 1112 2371 41.

1042 2409 1085 2450 D
1549 2404 1586 2440 6.
1616 2399 1670 2438 Et
