2059 2812
576 133 685 185 Lib.
726 132 819 184 III.
889 130 985 184 Tit.
1022 130 1176 182 XJIL
1495 134 1592 192 165

166 236 370 279 Dicuntur
388 241 517 274 autem
535 232 641 271 bona
654 245 796 280 vacare,
823 244 910 282 quae
929 231 1056 284 jacent
1069 238 1238 282 propter
1251 226 1449 268 defectum
1463 226 1596 280 legiti-

167 309 321 336 morum
338 294 614 334 Suceefforum.
672 295 769 332 Sunt
791 291 913 331 etiam
932 287 1107 342 personae
1124 289 1302 341 quaedam
1319 289 1435 329 certis
1452 301 1596 341 corpo-

167 360 292 406 ribus,
319 357 385 397 seu
404 357 597 410 Collegiis
615 356 810 408 ascriptae,
839 365 1015 405 quarum,
1043 351 1070 390 fi
1089 352 1229 404 absque
1248 351 1404 391 haerede
1422 352 1596 391 morian-

168 431 246 467 tur,
283 419 413 472 placet
446 419 551 458 bona
577 418 628 458 ad
653 432 698 458 ea
725 428 912 469 corpora,
939 427 1107 466 quorum
1139 426 1227 466 pars
1254 413 1359 464 sunt,
1384 414 1594 466 pervenite

168 480 325 522 excluso
352 480 458 523 fisco.

465 582 624 649 JUS
656 575 1287 632 ANGLICANUM.

202 683 281 734 De
311 681 701 732 Haereditatibm
731 696 837 746 quae
866 680 928 728 ab
961 677 1193 746 Intestato
1221 675 1538 744 Dfferzmtnr.

218 779 405 815 Haercditas
422 780 466 813 est
482 779 645 813 Succeffio
663 779 696 811 in
716 776 903 811 universum
919 777 971 823 jus
992 776 1151 818 Fcudale,
1178 775 1270 821 quod
1290 775 1475 811 Defuncf'cus
1493 777 1597 811 Ante-

171 828 275 863 ccffor
293 826 409 862 habuit
426 838 467 859 ex
483 836 681 871 quacunque
699 823 792 857 caus-⁵1
811 823 1040 868 acquisitionis
1059 823 1108 857 vel
1131 823 1354 857 Succeffionis.

218 875 365 918 Antiqua
386 873 478 915 regni
499 873 598 906 nostri
617 869 822 904 consuetudo
841 870 897 911 est,
923 881 959 904 ut
977 871 1218 916 primogenitus
1237 870 1325 903 filius
1343 870 1435 903 Patri
1454 869 1538 904 solus
1563 871 1596 903 in

171 920 273 955 feudo
293 918 448 953 succedat
465 931 471 952 z
503 918 526 952 fi
544 928 653 952 autem
677 917 739 950 filii
763 929 829 950 non
849 916 936 959 sunt,
963 916 1020 951 scd
1047 917 1139 958 filice,
1166 926 1238 949 tum
1257 928 1373 949 ornnes
1392 916 1471 950 filiae
1489 917 1596 950 cohae-

170 967 266 1001 redes
283 975 389 1001 erunt.
441 965 547 1008 Qod
565 965 655 998 idern
673 975 787 998 verum
805 963 849 996 est
866 964 899 996 in
920 963 1074 1010 neptibus
1098 968 1134 998 &
1152 962 1380 1009 proneptibus,
1405 962 1427 996 fi
1448 972 1598 1009 nepotes,

171 1023 227 1048 aut
247 1023 445 1059 pronepotes
461 1011 579 1045 defint.
1303 1027 1306 1030 ⁴

219 1062 332 1094 Etiam
351 1060 414 1092 hoc
432 1057 559 1104 semper
575 1056 663 1104 apud
684 1068 742 1090 nos
762 1066 931 1101 receptum
951 1055 1027 1098 fuit,
1054 1067 1090 1090 nt
1120 1055 1258 1090 feudum
1289 1068 1457 1102 nunquam
1487 1055 1598 1090 ascen-

171 1106 266 1149 dere,
290 1105 341 1140 vel
363 1104 409 1151 (fi
426 1104 529 1149 veIIs)
558 1103 761 1138 descendere
781 1116 799 1137 a
820 1103 893 1136 filio
911 1103 950 1136 ad
971 1113 1098 1150 patrem
1117 1103 1167 1137 vel
1195 1112 1348 1145 matrem,
1375 1115 1435 1137 nec
1453 1102 1600 1148 aliquem

172 1154 275 1187 alium
294 1153 326 1186 in
346 1153 432 1185 reeta
460 1150 548 1185 linea
567 1149 806 1184 antecefforem
848 1149 928 1182 offit.
983 1151 1110 1194 Neque
1130 1150 1216 1183 nllus
1241 1150 1274 1181 in
1292 1149 1380 1182 linea
1397 1149 1599 1184 transveri'ali

173 1210 312 1235 vocatur
343 1198 385 1232 ad
415 1197 675 1239 Succeffionem,
712 1208 811 1242 quam
841 1197 874 1228 iu
901 1195 1025 1240 aliquis
1054 1194 1213 1241 superstes
1242 1196 1309 1228 erit
1332 1196 1370 1228 in
1392 1195 1482 1231 linea
1510 1198 1599 1230 recti:

173 1245 400 1280 descendenti.

222 1291 336 1326 Proles
361 1301 439 1325 ante
466 1291 722 1325 matrimonium
737 1287 993 1323 solemnizatum
1014 1289 1139 1332 genita,
1163 1289 1236 1334 jure
1263 1289 1357 1333 regni
1375 1287 1510 1332 nothus,
1537 1288 1601 1323 five

174 1338 342 1373 bastardus
365 1338 420 1379 est,
445 1348 553 1382 neque
582 1339 616 1370 in
635 1335 865 1370 haered-itatem
894 1335 1070 1376 succedit3
1105 1347 1214 1382 neque
1239 1335 1405 1370 bastardus
1434 1336 1600 1370 haeredcm

174 1385 276 1419 habet
294 1383 352 1418 nisi
369 1383 409 1417 de
426 1394 567 1429 corpore
584 1383 652 1417 suo,

224 1431 354 1466 Catalla
371 1442 479 1477 neque
492 1431 660 1475 personalia
675 1441 783 1474 neque
801 1431 896 1462 realia
915 1428 956 1462 ad
974 1427 1138 1462 imi-edem
1157 1426 1370 1470 descendant,
1396 1427 1450 1462 scd
1467 1441 1507 1473 οῖς
1521 1441 1600 1462 con-

175 1477 351 1513 suetudine
370 1478 461 1519 regni
475 1476 516 1509 ad
533 1479 751 1516 Execurores,
778 1486 836 1508 aut
853 1475 892 1508 ab
911 1476 1067 1508 intestato
1082 1474 1121 1508 ad
1137 1474 1373 1517 Ordinarium,
1401 1479 1437 1509 δε
1457 1487 1512 1521 per
1526 1489 1606 1509 cnm

175 1525 374 1559 constitutos
390 1522 672 1556 administratores
687 1520 909 1562 deferuntur3
949 1521 999 1554 vcl
1017 1522 1120 1554 etiarn
1140 1520 1162 1553 fi
1183 1533 1283 1555 nemo
1301 1521 1529 1555 administram
1548 1535 1601 1556 ve-

177 1571 234 1614 Iit,
259 1583 317 1617 per
335 1569 544 1604 ordinarium
559 1568 615 1603 suo
631 1567 781 1614 periculo
797 1567 989 1613 sequestrari
1005 1566 1141 1601 debent.

225 1618 388 1651 Dominus
405 1616 559 1662 capitalis
576 1615 653 1649 loco
673 1614 813 1649 haeredis
839 1614 989 1654 habetur,
1017 1615 1150 1660 quoties
1168 1626 1226 1660 per
1243 1613 1425 1657 dese-etum,
1449 1614 1501 1649 vcl
1518 1613 1603 1649 fcio-

179 1665 268 1698 niam
290 1663 511 1707 exstinguitur
528 1663 668 1706 Sanguis
686 1661 732 1696 sui
753 1662 935 1696 Tenentis;
961 1662 1035 1695 Hoc
1056 1671 1165 1695 tamen
1184 1660 1252 1695 fine
1270 1662 1482 1697 distin-stione
1499 1661 1603 1696 hodic

178 1723 246 1744 non
265 1709 427 1757 procedit.

227 1759 265 1791 In
293 1769 406 1791 [mi-:A
431 1766 695 1791 TRANSVERSALI
724 1754 787 1788 hoc
806 1763 1005 1801 perpetuum
1023 1753 1080 1796 est,
1107 1763 1142 1787 ut
1170 1753 1315 1789 haeredes
1334 1754 1449 1797 sintii,
1475 1757 1532 1801 qni
1552 1757 1604 1790 in-

180 1814 311 1847 tegrum
329 1803 516 1846 sanguinem
535 1800 687 1835 defuncti
710 1802 909 1848 participant
929 1813 935 1834 :
975 1800 1127 1847 Exempli
1147 1803 1274 1844 gratia:
1309 1803 1402 1835 Titius
1420 1800 1542 1835 habens
1564 1803 1604 1835 fi-

179 1851 264 1884 liurn
280 1851 492 1893 Sempronium,
518 1852 555 1883 &
582 1848 683 1882 filiam
699 1848 884 1892 Arethusam
914 1859 954 1881 ex
982 1860 1046 1881 una
1076 1859 1190 1888 uxore,
1217 1852 1252 1883 δε
1270 1847 1378 1882 filium
1394 1849 1536 1883 Mavimn
1563 1861 1603 1882 cx

179 1896 256 1938 alia,
281 1897 428 1930 moritur
444 1908 451 1929 ι
488 1897 667 1939 Sempronius
700 1897 732 1929 ei
764 1892 924 1935 succedit,
961 1898 996 1928 ἃ
1016 1893 1082 1928 fine
1112 1894 1227 1928 liberis
1257 1893 1392 1928 decedit
1409 1907 1415 1927 ;
1454 1896 1605 1941 Arethufic

180 1945 298 1984 Soror,
322 1945 357 1977 &
377 1954 442 1975 non
461 1942 586 1976 Maevius
602 1942 718 1975 Frater
734 1940 775 1974 ad
794 1941 864 1986 ejus
881 1940 1109 1974 haereditatem
1127 1951 1275 1975 vocatur.

228 1991 314 2023 Item
332 1990 426 2024 Titius
455 1987 578 2021 habens
602 1986 737 2022 fratrem
752 1990 963 2032 Sempronium,
991 1990 1027 2022 &
1046 1986 1130 2021 duos
1154 1986 1244 2021 filios
1261 1989 1361 2024 Seium
1386 1987 1543 2021 nimirum
1564 2000 1604 2021 ex

181 2035 256 2077 una,
284 2036 321 2071 δὲ
336 2035 480 2070 Μιενὶιινγι
499 2046 540 2067 ex
561 2034 664 2068 alterii
683 2046 784 2069 uxore
801 2046 807 2067 :
842 2033 922 2067 Titio
940 2043 1077 2068 mortuo
1106 2032 1254 2067 succedit
1270 2037 1367 2076 Seius,
1394 2038 1429 2069 &
1453 2032 1603 2068 Seio-fine

182 2079 298 2116 liberis
315 2081 473 2116 defuneto
488 2083 675 2125 Sempronius
692 2083 844 2123 Patruus,
872 2081 950 2126 quia
970 2081 1094 2124 integri
1116 2080 1160 2113 est
1178 2080 1358 2124 sanguinis,
1386 2092 1452 2113 non
1472 2080 1603 2115 Maevius

183 2127 297 2162 frater.
349 2127 411 2162 Sed
430 2127 452 2162 fi
470 2130 657 2171 Sempronius
674 2126 740 2161 fine
758 2125 873 2160 liberis
889 2139 1027 2173 quoque
1044 2125 1198 2170 decedat,
1216 2128 1362 2162 Manum
1378 2126 1602 2161 Successorexn

182 2173 297 2215 habet,
321 2176 400 2218 quia
419 2184 563 2221 utroque
589 2174 692 2209 latere
718 2173 768 2208 illi
785 2173 1014 2220 conjungitur,
1041 2184 1109 2208 tarn
1128 2175 1179 2207 avi
1198 2175 1370 2215 nimirum,
1397 2185 1494 2219 quam
1514 2176 1601 2205 avire.

184 2223 292 2266 Atque
311 2220 389 2254 ideo
407 2220 465 2254 nifi
484 2223 668 2265 Sempronius
685 2231 753 2255 tan]
770 2232 811 2254 ex
829 2229 922 2267 parte
939 2221 1066 2263 matris,
1092 2232 1192 2267 quam
1214 2223 1316 2267 patris
1337 2221 1419 2254 Titio
1436 2219 1537 2253 frater
1556 2218 1606 2260 fit,

184 2268 386 2301 contrarium
405 2266 536 2300 videtur
553 2267 773 2302 statuendum.

231 2315 335 2354 Linea
354 2311 574 2349 transversalis
590 2313 712 2362 duplex
731 2314 800 2358 cst;
825 2313 927 2350 altera
946 2313 1190 2361 descendens„per
1208 2313 1344 2349 fratrem
1364 2311 1404 2347 ad
1432 2312 1502 2357 ejus
1519 2309 1606 2344 libe-

1525 2369 1578 2390 ros
1594 2373 1604 2398 ;
