2059 2812
432 164 540 210 224
833 141 1089 192 Elementa
1125 138 1272 206 Juris
1304 141 1473 194 Civilis

492 247 555 284 18,
592 242 662 294 Rei
683 239 963 293 persequendae
990 238 1102 280 caus&⁴
1131 238 1249 279 datur
1278 253 1527 282 coND1cT1o
1561 255 1756 282 Fvu’rivA
1786 244 1875 283 Do-

430 303 556 352 mino,
585 302 650 341 vel
669 301 784 341 bonae
804 301 896 340 fidei
915 301 1138 353 possessori,
1167 315 1240 341 nec
1258 315 1340 341 non
1359 303 1506 343 Tutori
1525 305 1687 343 nomine
1714 303 1876 357 pupilli,

430 369 561 421 ejusve
593 366 744 408 haeredi
774 377 915 407 contra
943 366 1088 415 furem,
1117 365 1193 407 five
1221 365 1426 418 poffideat,
1454 366 1529 408 five
1556 369 1749 421 poffidere
1777 368 1875 407 dolo

430 429 600 478 deflerit,
630 429 789 483 ejusque
812 429 987 470 haeredes
1007 429 1057 468 ad
1072 442 1157 469 rem
1175 429 1289 468 furto
1304 430 1474 469 ablatam
1494 431 1769 472 restituendam
1788 445 1874 473 cum

429 492 539 532 omni
560 492 686 541 causa,
717 491 850 546 ejusve
870 492 1183 532 aestimationem.

490 571 551 604 19.
584 556 647 597 Ad
673 565 815 609 poenam
845 554 1155 608 persequendam
1185 564 1416 608 comparata
1444 556 1499 595 est
1528 571 1681 598 ACT1o
1716 572 1875 607 FVRTI,

428 631 515 671 qua:
535 618 652 657 datur
672 631 754 656 non
776 616 900 656 modo
920 616 1119 664 Domino,
1148 629 1222 656 nec
1243 615 1334 656 huic
1362 617 1530 670 semper,
1559 619 1625 658 sed
1653 625 1688 661 ὅ(
1709 622 1747 660 ei
1769 621 1875 673 cujus

428 680 607 730 interest,
637 680 763 720 veluti
794 679 989 721 creditori
1020 680 1180 719 ratione
1207 679 1404 732 pignoris,
1433 681 1657 733 possessori,
1691 685 1875 737 omnique

427 745 537 798 cujus
553 745 608 785 est
622 744 806 798 periculo
823 757 896 793 τες,
924 744 1070 796 quique
1086 741 1278 783 solvendo
1293 745 1361 792 est,
1391 744 1577 784 adversus
1592 745 1737 796 furem,
1766 762 1875 788 eum-

427 821 501 860 que
521 811 590 862 qui
620 811 785 862 recepit,
814 809 972 857 celavit,
1002 808 1160 861 cujusve
1182 823 1273 861 ope,
1302 808 1514 849 consiliove
1544 809 1695 851 furtum
1723 810 1874 851 fad’cum

427 873 478 912 ad
497 873 679 927 duplum,
707 874 732 913 fi
752 873 904 913 furtum
924 888 985 912 nec
1004 871 1230 925 manifestum
1250 872 1295 911 fit
1313 893 1324 924 3
1353 872 1403 912 ad
1423 872 1692 925 quadruplum
1714 874 1738 914 fi
1758 876 1876 914 mam·-

418 936 567 990 festum.
629 941 846 992 Qumque
862 938 1054 978 Actiones
1070 937 1129 976 rei
1147 941 1182 977 &
1196 949 1329 988 poenae
1343 935 1657 989 persequutoriae
1674 937 1711 976 se
1731 948 1874 978 mutuo

426 1013 508 1039 non
539 1000 699 1048 tollant,
729 999 906 1052 sequitur
930 1010 972 1039 ut
992 998 1088 1039 licet
1111 997 1179 1037 fur
1196 998 1363 1051 duplum
1383 996 1445 1038 vel
1465 998 1731 1052 quadruplum
1751 1000 1876 1041 solve-

426 1062 496 1112 rit,
525 1074 658 1103 tamen
681 1062 888 1104 condietio
909 1062 1074 1112 furtiva,
1103 1061 1166 1103 vel
1194 1063 1253 1101 rei
1287 1060 1507 1102 vindicatio
1526 1062 1788 1103 nihilominus
1807 1063 1874 1104 ha-

425 1125 517 1164 beat
536 1125 684 1167 locum.
1776 1126 1782 1131 ι

479 1202 544 1228 20.
576 1191 700 1227 Extra
719 1186 903 1228 ordinem
930 1186 1051 1225 etiam
1079 1185 1329 1226 criminaliter
1355 1186 1444 1240 jure
1463 1188 1654 1226 Romano
1690 1202 1738 1228 ex
1757 1188 1872 1230 furto

423 1251 560 1302 agitur
577 1251 640 1290 vel
658 1250 708 1290 ad
728 1250 918 1290 mulctam
931 1248 1025 1289 fisco
1044 1249 1335 1303 adplicandam,
1360 1249 1424 1290 vel
1441 1249 1490 1289 ad
1505 1263 1670 1302 poenam
1690 1254 1876 1304 corporis

423 1313 681 1362 adfliCtivanb
701 1312 764 1355 vel
780 1312 1003 1365 capitalem.
1062 1312 1137 1353 Sed
1155 1311 1386 1364 Justz'nianus
1400 1313 1528 1352 vetuit
1548 1313 1602 1352 ob
1615 1311 1769 1354 furtum
1788 1317 1874 1356 cui—

423 1376 515 1417 dam
539 1378 713 1431 irrogari
732 1390 895 1429 poenam
915 1376 1136 1429 capitalem,
1164 1376 1228 1417 vel
1251 1390 1338 1429 quae
1359 1377 1401 1416 in
1419 1375 1587 1416 membri
1618 1377 1871 1419 mutilatione

423 1440 664 1489 confisteret‚
693 1439 904 1493 voluitque
933 1449 978 1479 ut
1006 1440 1114 1481 fures
1141 1441 1182 1482 in
1214 1439 1391 1480 exfilium
1410 1439 1654 1493 ejicerentur
1685 1442 1749 1483 vel
1775 1457 1871 1483 con-

423 1501 706 1543 demnarentur
726 1502 770 1542 in
788 1502 988 1541 muldam.

581 1610 635 1676 J
653 1610 754 1661 σε
787 1609 1043 1662 ANGL
1060 1609 1442 1664 ICANUM.
1467 1611 1529 1663 ad
1548 1613 1704 1666 Tit.I.

471 1717 641 1752 Oriuntur
655 1717 760 1752 etiam
779 1715 869 1764 apud
889 1728 949 1751 nos
975 1714 1200 1760 obligationes
1226 1729 1268 1752 ex
1286 1718 1399 1760 delirio,
1425 1716 1476 1752 vel
1495 1717 1586 1764 quast.
1639 1717 1772 1753 Delicta
1787 1731 1867 1754 vero

422 1768 460 1800 ὃ(
476 1764 641 1799 maleficia
657 1776 698 1798 ex
714 1763 813 1798 dietis
826 1768 863 1799 &
877 1761 975 1798 factis
992 1763 1272 1810 praecedentibus,
1298 1777 1371 1811 quae
1387 1764 1527 1811 quidem
1545 1765 1708 1809 distingui
1726 1765 1866 1811 debent,

421 1824 493 1858 quo
511 1813 626 1845 animo
645 1811 739 1855 fiant,
765 1814 802 1846 δε
819 1823 887 1858 qua
905 1811 1095 1847 voluntate.
1149 1811 1319 1847 Voluntas
1338 1812 1428 1847 enim
1455 1815 1493 1847 δε
1517 1811 1725 1859 propositum
1743 1812 1866 1847 distin-

420 1868 530 1902 guunt
546 1857 725 1893 maleficia.
781 1860 831 1892 Ex
847 1857 1025 1893 maleficiis
1037 1867 1150 1893 autem
1173 1858 1361 1905 procedunt
1374 1860 1514 1893 crimina
1532 1862 1660 1903 majora,
1685 1858 1767 1893 ficut
1780 1859 1866 1905 Laefie

420 1904 612 1950 Majestatis‚
635 1906 828 1947 Homicidia,
851 1907 956 1947 Furta,
977 1907 1112 1950 Rapinae,
1143 1909 1180 1941 &
1209 1906 1276 1940 alia
1308 1906 1428 1954 plura;
1455 1906 1507 1941 vel
1533 1909 1662 1949 minora,
1690 1914 1729 1940 ut
1746 1908 1865 1948 Injuriae

422 1955 460 1986 δε
486 1952 744 1998 Transsressiones.
793 1953 891 1986 Nam
909 1951 969 1987 sub
994 1953 1047 1987 his
1063 1952 1166 1987 nostri
1192 1965 1311 1988 ornnes
1328 1952 1557 1997 obligationes
1581 1965 1623 1988 ex
1648 1953 1788 1999 privatis
1804 1951 1864 1988 de-

421 1998 509 2033 lictis
522 2009 612 2033 ortas
627 1997 930 2045 comprehendunt.

470 2048 577 2089 Leges
598 2045 712 2080 civiles
729 2045 857 2080 furtum
877 2045 1089 2082 manifestum
1104 2045 1256 2092 judicant
1275 2058 1334 2093 per
1352 2045 1582 2082 redditionem
1602 2045 1797 2093 quadrupli,
1823 2051 1861 2083 &

419 2091 549 2127 furtum
578 2106 645 2127 non
678 2091 888 2127 manifestum
918 2104 978 2139 per
1007 2092 1102 2139 dupli
1129 2093 1438 2142 compensationem
1466 2094 1606 2141 expiari.
1658 2093 1725 2127 Sed
1754 2095 1863 2138 Leges

418 2141 536 2185 Angliae
557 2150 713 2175 neutrum
729 2138 915 2175 facinorum
932 2139 1068 2174 illorum
1090 2141 1206 2174 mitius
1228 2152 1325 2187 quam
1345 2141 1590 2175 committentis
1614 2151 1725 2174 morte
1747 2143 1862 2187 puniri

420 2188 634 2235 permittunt,
659 2186 848 2222 dummodo
873 2198 926 2221 res
950 2186 1062 2221 ablata
1083 2187 1270 2222 duodecim
1296 2187 1510 2223 denariorum
1539 2187 1690 2224 valorem
1717 2187 1861 2235 superet,

418 2234 472 2270 vel
495 2234 659 2281 adaequet.
1066 2271 1069 2274 ,

467 2283 607 2317 Furtum
622 2290 733 2316 autem
745 2280 912 2317 dividitur
926 2293 944 2314 a
960 2280 1078 2316 nostris
1094 2281 1127 2316 in
1143 2283 1355 2317 Latrocinium
1367 2281 1400 2316 &
1413 2283 1578 2318 Robariam
1592 2294 1598 2316 ε
1626 2281 1858 2317 Latrociniurn

418 2328 581 2364 definitur
598 2328 662 2364 effe
679 2331 793 2365 ablatio
818 2329 934 2367 Catani
947 2328 1108 2375 personalia
1132 2332 1162 2364 in
1187 2329 1320 2374 absentia
1343 2330 1521 2376 possidentis.
1574 2332 1688 2377 Atque
1709 2328 1860 2383 respee'tu

1808 2387 1858 2409 rei
