2059 2812
422 175 521 212 110
811 151 1071 202 Elementa
1107 147 1254 215 Jurtis
1290 149 1462 201 Civilis

417 255 681 309 qualicunque
698 253 740 291 in
758 249 939 296 materia,
967 247 1073 297 ceni,
1092 245 1247 296 charta,
1266 246 1328 288 vel
1347 248 1585 289 membrana.
1647 249 1783 288 Haeres
1797 256 1853 287 ta-

417 331 508 358 men
538 322 573 357 &
612 313 827 368 legatarius
862 309 933 350 sub
969 325 1093 363 poena
1120 308 1203 349 falfi
1239 321 1326 350 eam
1360 309 1533 350 scribere
1570 310 1854 363 prohibentur.

416 394 454 419 2.
483 383 548 419 Ut
574 378 771 430 scriptura
801 374 885 415 haec
913 373 1072 414 testibus
1104 372 1312 421 offeratur,
1349 377 1383 413 ὅ(
1415 371 1462 411 ab
1494 374 1541 412 iis
1570 372 1851 413 subscribatur.

420 457 455 490 3.
486 445 549 481 Ut
567 440 731 480 eandem
751 451 886 479 omnes
905 436 1125 490 obfignent,
1153 434 1229 476 five
1249 434 1435 488 propri0‚
1452 434 1527 475 five
1541 437 1673 476 alieno
1694 435 1856 482 annulo,

415 504 546 544 aliove
575 503 850 544 instrumento.
907 515 946 550 4.
978 505 1040 541 Ut
1073 501 1237 540 testator
1265 499 1485 539 subscribat
1513 500 1580 539 nifi
1612 512 1742 540 totum
1775 499 1855 552 ipse

415 567 631 622 scripserit.
690 567 883 620 Requirit
921 581 956 612 5.
990 564 1219 617 Justinianus
1249 577 1293 605 ut
1326 565 1546 605 Testatoris
1584 566 1646 605 vel
1679 566 1856 605 Testium

415 646 535 674 manu
555 645 702 671 nomen
722 629 890 670 haeredis
909 629 1171 682 exprimatur,
1199 629 1308 681 quod
1325 630 1412 683 jure
1439 629 1702 671 Novellarum
1723 628 1770 667 ab
1789 642 1857 667 eo-

415 695 507 736 dem
524 694 759 749 abrogatum
779 695 846 734 est.

475 773 538 808 13.
570 758 783 811 Proprium
803 757 1030 810 requisitum
1050 756 1306 810 Nuncupatz'vi
1325 758 1568 797 Testamenti
1599 757 1667 796 est.
1730 771 1762 798 1.
1794 760 1857 796 Ut

416 823 599 862 Testator
621 821 802 861 ultimam
820 821 926 860 suam
945 819 1194 860 voluntatem
1203 820 1306 871 ‘viva
1329 834 1425 860 voce
1447 820 1639 867 declaret,
1665 825 1700 860 &c
1720 823 1856 860 Haere-

415 885 506 925 dem
526 895 744 938 nuncupet.
806 899 844 925 2.
874 889 936 926 Ut
965 884 1099 923 Testes
1126 897 1210 923 non
1235 884 1363 924 solum
1388 884 1548 924 videant
1575 883 1672 937 quid
1701 893 1857 938 agatur,

417 945 484 987 sed
503 948 626 987 etiam
645 946 877 1001 intelligant
897 946 1119 986 sermonem
1133 947 1363 988 Testatoris.

463 1054 563 1096 Cer-3,
590 1055 719 1099 chartssi,
744 1054 794 1089 vel
811 1054 1039 1101 Membrana]
1080 1055 1220 1102 Antiqui
1239 1053 1310 1088 fer&
1333 1056 1366 1088 in
1387 1054 1508 1088 tabulis
1537 1053 1656 1097 ligneis
1675 1053 1799 1086 dolatis
1818 1056 1855 1087 &

416 1101 494 1136 cer&
514 1100 612 1135 illitis
630 1102 821 1137 testamenta
849 1106 887 1137 &
905 1101 1070 1148 quassibet
1086 1104 1261 1136 cautiones
1290 1101 1432 1135 scribere
1452 1101 1611 1135 solebant.
1665 1101 1754 1134 Hinc
1775 1102 1855 1147 Juv.

417 1148 485 1184 Sat.
503 1160 556 1194 13.
576 1161 606 1183 v.
627 1154 705 1195 136.

751 1195 786 1227 Si
807 1195 904 1228 decies
925 1195 1007 1226 lestis
1025 1191 1142 1236 diversa
1162 1194 1192 1225 in
1208 1201 1297 1236 parte
1313 1192 1434 1225 tabellis

752 1242 837 1275 Vana
849 1241 1026 1284 supervacui
1045 1242 1149 1273 dicunt
1169 1240 1362 1284 chirographa
1381 1239 1411 1271 L
1422 1241 1438 1272 Ι
1447 1239 1523 1273 GN
1526 1240 1542 1272 1
1547 1265 1553 1271 .

417 1286 548 1320 Literas
566 1286 650 1332 stylo
668 1287 815 1334 primum
834 1287 957 1328 ferreo,
985 1287 1093 1332 postea
1111 1284 1202 1318 osseo
1219 1287 1253 1318 in
1273 1287 1313 1319 iis
1335 1285 1528 1327 exarabant,
1550 1283 1638 1318 unde
1657 1283 1781 1319 fac'tum
1800 1285 1856 1328 est,

417 1344 455 1367 ut
476 1345 550 1367 cera
567 1336 668 1368 et1'am
687 1345 748 1379 pro
767 1332 887 1366 tabulis
903 1331 1084 1366 diceretur.
1137 1332 1229 1366 Suet.
1246 1333 1278 1365 in
1293 1332 1370 1365 Tul.
1392 1344 1463 1378 cap.
1476 1332 1530 1377 83.
1583 1332 1752 1377 Qintum
1780 1335 1857 1368 1>oe-

416 1379 513 1414 dium
544 1391 586 1414 ex
613 1379 801 1426 quadrante
829 1378 993 1413 haeredem
1020 1379 1177 1421 instituit,
1201 1378 1354 1425 reliquos
1381 1379 1416 1412 in
1442 1380 1507 1412 ima
1541 1382 1853 1414 CERA.——Hor‹³t.

417 1427 486 1461 Sat.
500 1438 532 1461 2.
553 1438 618 1460 ver.
635 1439 690 1472 53.

752 1475 803 1507 Sic
819 1484 921 1508 tamen
938 1483 971 1508 ut
987 1474 1068 1507 limis
1083 1474 1194 1517 rapias,
1221 1473 1292 1518 quid
1305 1474 1403 1516 prium
1416 1472 1546 1518 secundo

752 1523 780 1555 C
787 1523 816 1554 E
828 1522 889 1555 RA
915 1522 986 1555 velit
1009 1519 1101 1563 versu.

417 1564 489 1599 Ubi
509 1567 614 1612 prIma
633 1566 717 1600 Cera
729 1566 897 1609 'fignificat
913 1568 1053 1612 primam
1073 1566 1262 1600 testamenti
1279 1567 1443 1612 paginam,
1470 1566 1504 1598 iu
1524 1566 1617 1612 cujus
1635 1567 1742 1613 primo
1759 1564 1854 1600 versu

417 1623 538 1646 nomen
550 1613 745 1654 Testatoris‚
765 1615 798 1646 in
811 1613 958 1647 secundo
970 1611 1121 1646 Haeredis
1138 1625 1263 1647 nomen
1281 1612 1619 1660 scribebatur.-Juv.
1638 1615 1744 1654 δᾶερ.
1762 1615 1852 1647 v.18.

748 1669 901 1714 Consilium
918 1670 1006 1702 laudo
1022 1668 1165 1713 Artificis,
1184 1667 1211 1712 fi
1227 1679 1347 1702 munere
1363 1677 1446 1701 tanto

749 1716 931 1759 Praecipuum
950 1717 979 1748 in
998 1716 1108 1749 tabulis
1124 1717 1153 1749 C
1158 1716 1187 1748 E
1197 1716 1260 1749 RA
1272 1715 1317 1748 M
1335 1717 1419 1749 Senis
1435 1714 1552 1761 abstulit
1569 1716 1637 1749 orbi.

462 1771 515 1803 Ut
531 1768 671 1803 eandem
692 1781 808 1803 omnes
836 1767 1042 1814 obfignent]
1083 1767 1239 1802 Macrob.
1264 1767 1341 1802 Lib.
1356 1782 1389 1806 7.
1418 1780 1491 1816 cap.
1512 1781 1564 1815 13.
1655 1771 1773 1804 Veteres
1800 1781 1855 1804 non

416 1826 539 1851 ornatus
549 1817 604 1860 sed
613 1817 750 1861 fignandi
768 1815 859 1859 causa
878 1817 1022 1850 annulum
1036 1814 1139 1860 secum
1157 1815 1736 1860 circu7nferebant,——-Imprimebatur
1754 1825 1855 1850 autem

409 1863 564 1908 sculptura
583 1865 714 1897 materia
731 1865 846 1906 annuli,
865 1863 926 1907 five
947 1876 984 1896 ex
995 1862 1091 1906 ferro,
1109 1862 1171 1908 five
1193 1875 1230 1896 ex
1248 1874 1320 1896 auro
1338 1862 1423 1907 foret
1437 1879 1446 1896 .·
1478 1863 1574 1907 postea
1592 1863 1653 1907 usics
1672 1864 1854 1898 luxuriantis

417 1911 514 1944 matis
533 1910 707 1956 fignaturas
723 1910 854 1954 pretiosis
874 1912 1004 1952 gemmis
1031 1911 1116 1953 coepit
1131 1908 1304 1953 insculpere,
1329 1919 1364 1943 ut
1391 1912 1483 1944 etiam
1509 1911 1544 1943 de
1574 1919 1732 1955 augmento
1749 1911 1854 1954 pretii,

417 1968 471 2002 quo
476 1956 649 2001 sculpendos
663 1958 776 2000 lapides
789 1957 939 2000 paraffent
948 1957 1163 2000 gloriarentur.
1175 1958 1330 2002 ——Juv.
1347 1956 1413 1990 Sat.
1434 1958 1459 1989 Ι.
1483 1969 1511 1989 ν.
1530 1961 1588 1993 67.

752 2004 893 2046 Signator
903 2001 999 2046 falsb,
1025 2005 1075 2048 qui
1092 2003 1120 2044 fe
1137 2005 1253 2037 lautum
1271 2012 1360 2048 atque
1377 2004 1497 2037 beatum

749 2050 880 2094 Exiguis
896 2050 1014 2091 tabum,
1041 2047 1079 2084 ὅθ’
1097 2050 1225 2084 GEM
1229 2051 1302 2085 MA
1321 2050 1444 2095 fecerat
1462 2048 1532 2084 add.

419 2097 463 2131 Et
479 2094 548 2130 Sat.
567 2107 620 2142 13.
641 2107 669 2130 v,
685 2095 761 2142 138.

752 2144 865 2187 Arguit
887 2142 1009 2187 ipfhrum
1027 2156 1098 2189 quos
1114 2146 1232 2184 littera,
1267 2145 1338 2178 GE
1348 2144 1395 2177 M
1400 2144 1534 2188 MAque
1550 2144 1688 2187 Princeps

749 2190 962 2237 Sardonyches,
989 2193 1086 2225 loculis
1102 2202 1161 2235 quae
1181 2189 1338 2234 custoditur
1355 2192 1482 2224 eburnis.

419 2237 539 2270 Horat.
553 2235 649 2283 Epist.
666 2249 698 2276 7.
719 2235 795 2271 Lib.
815 2248 843 2270 1.

752 2283 944 2329 Officiosaque
953 2282 1112 2327 filialitas,
1141 2283 1178 2318 ό*
1194 2285 1290 2328 opella
1300 2282 1422 2329 forenfis

751 2331 886 2366 Adducit
893 2330 1008 2376 febres,
1034 2329 1071 2366 (θ’
1086 2331 1273 2376 Testamenta
1289 2331 1527 2367 RESIGNAT.

1646 2390 1707 2426 14.
1735 2379 1851 2420 Nun-
