2059 2812
381 158 450 208 26
703 195 715 206 .
784 150 1046 202 Elementa
1075 148 1222 216 Juris
1253 148 1423 204 Civilp's

438 260 475 294 6.
506 255 560 292 Et
586 251 627 292 in
659 249 864 291 servorum
894 248 1060 303 quidem
1093 248 1328 290 conditione
1358 250 1465 291 nulla
1495 251 1551 292 est
1584 250 1825 294 differentia.

382 314 560 356 Eandem
589 313 695 352 enim
720 326 855 352 omnes
872 310 1106 352 servitutem
1125 310 1320 360 serviunt,
1348 311 1446 352 licet
1468 313 1573 354 ordo
1601 315 1763 368 quidam
1781 314 1827 355 fit

383 377 492 418 inter
516 389 585 416 eos
608 374 741 428 quoad
770 373 913 423 officia,
940 378 976 414 ὅ(
995 386 1173 424 munera,
1202 387 1290 427 quae
1305 373 1382 413 alia
1404 373 1491 413 aliis
1509 374 1736 418 honestiora
1750 376 1826 416 effe

385 437 526 480 solent.
584 436 725 480 Liberi
743 447 876 478 autem
891 446 961 475 aut
977 435 1127 491 Ingenui
1142 435 1246 484 sunt,
1275 445 1342 475 aut
1357 433 1552 477 Libertini.

924 556 968 603 T
1005 568 1027 603 1
1066 569 1118 602 T.
1190 554 1279 604 IV.

919 652 1001 702 De
1035 650 1276 718 Ingenuis.

440 750 476 802 i.
506 765 706 815 Ingenuus
725 760 794 809 est,
824 759 896 812 qui
914 759 1058 810 statim,
1085 770 1131 801 ut
1151 770 1263 801 natus
1281 760 1351 812 est,
1378 760 1482 802 liber
1500 762 1568 803 est.

427 871 472 904 Et
490 870 525 904 in
542 869 712 904 servorum
731 867 873 917 quidem
888 868 1100 917 conditione]
1142 871 1322 906 Servorum
1339 871 1439 915 longe
1458 871 1576 907 durior
1592 869 1733 906 fortuna
1755 871 1822 907 fuit

378 917 509 960 Rornae,
530 930 631 966 quarn
650 917 700 952 vel
718 915 808 964 apud
821 916 996 960 Hebraeos,
1013 917 1065 952 vel
1081 917 1314 953 Athenienses.
1368 920 1518 954 Romani
1533 921 1639 963 enim,
1663 929 1701 954 ut
1718 919 1823 956 hostes

378 973 476 999 metu
494 965 641 1000 durioris
659 963 827 1001 servitutis
840 976 930 998 arma
943 964 1112 999 lubentius
1126 965 1347 1013 deponerent,
1369 976 1485 1012 captos
1499 980 1566 1002 non
1582 978 1713 1002 tantum
1729 970 1822 1002 omni

377 1012 634 1055 existimatione,
659 1013 815 1047 dominio
841 1024 966 1054 rerum,
993 1014 1143 1056 nomine,
1166 1013 1268 1055 tribu,
1295 1018 1331 1048 δε
1360 1012 1520 1059 suffragio
1549 1015 1730 1060 priv-arunt,
1763 1014 1819 1051 sed

376 1060 480 1094 etiam
498 1061 532 1095 in
550 1059 682 1095 classem
698 1072 825 1095 RERVM
843 1071 884 1093 ex
902 1058 1000 1094 claffe
1023 1072 1265 1097 PERSONARVM
1282 1073 1338 1095 eos
1355 1061 1595 1108 conjecerunt3
1616 1064 1662 1097 ita
1681 1073 1731 1105 ut,
1747 1075 1821 1098 tan-

376 1119 476 1153 quam
501 1107 542 1141 ad
572 1107 810 1142 conditionem
835 1119 996 1154 pecorum
1024 1107 1166 1151 redacti,
1189 1121 1206 1142 a
1231 1109 1382 1142 Domino
1404 1109 1516 1152 vendi,
1538 1112 1736 1154 permutari,
1759 1123 1820 1158 op-

375 1155 558 1200 pignorari,
588 1167 683 1189 noxae
708 1154 794 1197 dari,
821 1156 1017 1201 &impune
1040 1155 1127 1188 male
1156 1154 1271 1188 haberi
1298 1154 1440 1199 possent,
1467 1160 1504 1190 &
1523 1169 1583 1200 pro
1606 1156 1822 1193 excusatione

375 1200 553 1242 sufficeret,
579 1214 640 1236 RES
663 1214 739 1236 MEA
770 1213 842 1235 εετ.
895 1204 990 1235 Florus
1008 1212 1065 1235 eos
1090 1201 1125 1233 in
1147 1202 1264 1234 omnia
1289 1199 1470 1245 obnoxios,
1497 1202 1630 1236 idcirco
1657 1201 1750 1249 quafi
1769 1204 1822 1249 se-

375 1250 501 1284 cundum
519 1260 613 1293 genus
630 1249 780 1283 hominum
797 1257 905 1281 vocat.
960 1247 1040 1283 Lib.
1057 1260 1088 1292 3.
1107 1246 1189 1293 Cap.
1206 1260 1261 1281 20.
1291 1248 1361 1280 imo
1387 1249 1444 1282 vix
1471 1248 1627 1284 homines
1646 1249 1820 1286 habeban-

374 1305 429 1330 tur
446 1312 457 1340 ς
479 1304 518 1331 ut
535 1296 690 1331 Foemina
707 1296 834 1339 regerit
852 1295 982 1328 Marito
997 1293 1089 1342 apud
1104 1295 1182 1340 Juv.
1198 1294 1267 1328 Sat.
1277 1297 1310 1326 6.
1332 1306 1360 1328 v.
1374 1306 1455 1330 221.

710 1385 741 1417 Ο
767 1383 915 1424 Demens,
942 1381 988 1415 ita
1006 1381 1114 1416 Servus
1137 1380 1282 1417 HOMO
1308 1380 1366 1427 est!

615 1496 795 1565 JUS
839 1496 1570 1550 ANGLICANUM.

421 1597 516 1632 Olim
535 1596 625 1644 apud
653 1610 712 1632 nos
729 1608 823 1632 erant
836 1596 920 1633 servi
935 1596 1041 1632 iidem
1057 1596 1141 1638 fere,
1159 1597 1218 1645 qui
1234 1595 1322 1644 apud
1337 1597 1514 1633 Romanos
1531 1600 1812 1647 adscriptitiiglebae

372 1645 457 1680 dieti
476 1644 572 1687 sunt;
601 1646 626 1679 ii
652 1646 825 1688 nimirum,
847 1646 907 1691 qui
926 1657 1001 1679 curn
1018 1657 1101 1690 agro
1119 1647 1183 1679 una
1201 1642 1385 1680 serviebant
1403 1648 1567 1690 Domin0‚
1594 1651 1630 1682 &
1646 1661 1722 1683 cum
1739 1648 1815 1684 fun-

371 1693 424 1728 dis
442 1692 730 1740 mancipabantur,
753 1692 1067 1740 alienabanturque.
1096 1691 1313 1729 vocabantur
1330 1705 1490 1729 VILLANI
1513 1706 1812 1741 REGVARDANTES‚

372 1742 450 1788 quia
470 1742 627 1775 nimirum
646 1741 734 1776 villis
748 1739 982 1775 inserviebant.
1026 1742 1133 1775 Nunc
1150 1752 1231 1775 vero
1248 1739 1338 1787 apud
1355 1753 1413 1776 nos
1428 1742 1470 1776 est
1487 1752 1577 1776 certa
1597 1742 1811 1790 personarum

372 1788 526 1823 conditio
551 1788 714 1824 servorum
732 1788 841 1831 instar,
867 1788 972 1823 libera
989 1797 1099 1823 tamen
1116 1792 1153 1823 δε
1180 1789 1351 1832 ingenua;
1389 1802 1507 1823 eorum
1528 1791 1702 1834 nimirum,
1728 1804 1812 1838 quos

371 1849 616 1872 APRENTrczos
634 1836 792 1879 dicimus,
819 1837 878 1884 qui
898 1835 940 1870 ad
959 1845 1064 1870 artem
1082 1834 1229 1882 aliquam
1244 1836 1490 1880 mechanicam,
1515 1835 1580 1873 five
1595 1838 1696 1874 aliam
1721 1852 1811 1875 mer-

371 1885 535 1919 cenariam
552 1883 805 1932 perdiscendam
823 1884 909 1919 heris
923 1881 986 1918 suis
1003 1884 1229 1918 conventione
1247 1883 1314 1926 sust,
1341 1884 1531 1927 Parentum,
1557 1886 1609 1920 vel
1633 1885 1810 1921 Guberna-

370 1941 493 1974 torum‚
519 1933 757 1976 astringuntur.
810 1932 854 1965 Hi
874 1933 963 1966 enirn
985 1932 1019 1965 in
1039 1931 1195 1965 herorum
1220 1931 1381 1977 potestate
1400 1930 1473 1965 sunt
1492 1931 1638 1967 durante
1656 1942 1809 1980 tempore

370 1980 618 2022 conventionis,
653 1983 689 2014 &
714 1979 782 2014 illis
811 1981 1003 2026 acquirunt,
1029 1991 1099 2014 non
1123 1977 1195 2021 fibi,
1222 1978 1275 2013 vel
1299 1978 1499 2014 Parentibus
1523 1979 1599 2025 suis,
1626 1979 1686 2014 nifi
1710 1982 1809 2017 aliter

369 2036 570 2062 conventum
585 2027 703 2062 fuerit.

418 2091 586 2133 Ingenuus
612 2089 680 2136 est]
720 2091 833 2125 Latini
863 2091 1047 2134 ingenuum
1075 2099 1207 2132 vocant,
1234 2087 1328 2136 quod
1345 2090 1493 2124 nativum
1516 2089 1572 2123 est.
1626 2090 1718 2125 Hinc
1737 2094 1806 2128 Lu-

371 2138 496 2173 cretius
512 2137 651 2185 ingenuos
666 2141 784 2182 Fontes,
808 2141 844 2173 &
862 2139 1034 2184 Juvenalis
1052 2139 1209 2182 ingenuum
1228 2139 1344 2183 tophum
1360 2136 1508 2185 appellat
1518 2137 1634 2171 -Sat.
1649 2150 1681 2184 3.
1701 2151 1730 2174 v.
1748 2140 1803 2176 18.

1081 2213 1216 2261 Qanto
1230 2213 1413 2260 prestantius
1431 2212 1499 2258 effer

702 2263 823 2298 Numen
839 2275 931 2309 aqua,
957 2264 1048 2296 viridi
1061 2263 1088 2309 fi
1103 2263 1236 2306 margine
1253 2263 1408 2296 clauderet
1425 2262 1515 2296 undas

703 2310 825 2356 Herba,
851 2323 902 2346 nec
920 2311 939 2344 I
946 2310 982 2346 N
986 2311 1101 2347 GEN
1105 2309 1134 2345 V
1138 2309 1164 2345 V
1169 2309 1215 2344 M
1229 2310 1373 2345 violarent
1389 2319 1536 2345 marmora
1554 2309 1685 2355 tophum.

1655 2423 1692 2450 2.
1724 2409 1799 2450 Sed
