2059 2812
411 200 482 247 42
821 180 1084 232 Elementa
1114 180 1262 248 Juris
1294 179 1463 234 Civilu

953 284 997 333 T
1031 299 1055 334 Ι
1099 299 1147 333 Τ.
1224 284 1317 333 ΧΙ.

887 381 968 433 De
999 381 1380 452 Adoptionibm.

471 500 504 526 1.
536 485 698 525 Tertius
717 483 858 524 modus
877 481 1108 537 acquirendi
1130 483 1299 536 patriam
1316 484 1558 526 Potestatem
1575 485 1630 526 est
1645 499 1859 535 ADOPT10‚

410 560 499 599 quae
514 549 569 588 est
581 550 704 589 Adrus
730 547 944 602 legitimus²
972 559 1052 598 quo
1070 546 1222 586 liberos
1236 544 1388 587 alienos
1406 561 1487 588 non
1505 547 1655 589 invitos
1669 549 1710 590 in
1727 551 1787 605 jus
1808 551 1856 590 li-

410 609 599 649 berorum
621 611 854 651 nostrorum
874 607 1137 651 adsciscimus

456 722 534 754 Duo
553 719 628 754 sunt
650 720 869 754 Matrimonii
893 718 979 766 apud
998 732 1056 754 nos
1075 719 1328 769 Consequentia
1345 720 1398 756 vel
1425 721 1552 757 Effecff’ta
1569 734 1576 756 t
1605 733 1746 770 quorum
1763 725 1853 771 prius

405 767 463 811 est,
486 779 522 802 ut
538 767 626 803 bona
644 767 785 802 mobilia
803 770 837 812 (a
855 769 973 802 nostris
988 780 1149 803 CATALLA
1167 782 1396 805 PERSONALIA
1415 769 1536 816 dicta)
1552 783 1627 817 quae
1645 783 1729 806 uxor
1747 771 1853 806 addu-

405 818 468 858 cit,
497 816 611 850 invii-4
631 814 677 849 sui
696 816 935 862 patrimonium
951 817 1061 850 statim
1079 818 1194 851 omnia
1211 817 1279 852 sine
1292 816 1486 852 discrimine
1500 817 1688 853 coalescant
1705 819 1739 853 &
1756 818 1851 866 quasi

401 862 654 903 absorbeantur.
667 863 898 898 ——Alterum
918 876 996 899 vero
1016 864 1207 911 nuptiarum
1231 865 1437 912 consequens
1455 866 1501 900 est
1524 868 1596 901 Dos
1614 866 1672 901 illa
1693 867 1851 911 legitima

401 910 465 946 five
487 911 711 953 rationabilis,
735 912 829 957 cujus
847 913 984 947 nornine
1001 912 1136 946 tertiam
1157 922 1286 959 partem
1306 915 1597 949 Tenementorum
1615 925 1850 961 terrarumque

402 961 571 1002 omnium,
597 972 678 1007 quas
696 961 760 995 Vir
775 959 883 994 Feudi
904 961 977 1006 jure
995 958 1152 1006 possedit,
1171 959 1213 994 ad
1233 962 1336 995 vitam
1354 960 1446 996 suam
1460 961 1627 996 vendicat.
1682 963 1716 997 Si
1733 971 1849 996 tamen

400 1009 521 1043 Virum
539 1007 620 1042 laesae
637 1007 834 1054 Majestatis,
861 1019 920 1043 aut
934 1007 1079 1042 Feloniae
1097 1010 1257 1043 convinci
1275 1010 1464 1054 contingat,
1492 1012 1620 1044 Dotem
1643 1008 1734 1045 suam
1748 1012 1849 1044 Uxor

399 1064 539 1090 amittit.

445 1103 518 1151 Qi
538 1101 582 1136 ob
593 1102 805 1136 Matrimonii
824 1101 1013 1136 nullitatem
1032 1101 1445 1149 sepa1·antur‚1>1vo1‹”r10
1463 1103 1579 1139 dirimi
1598 1105 1734 1152 proprie
1752 1116 1769 1139 a
1786 1116 1847 1139 no-

398 1149 469 1184 striS
483 1149 696 1197 Jurisperitis
714 1149 897 1190 dicuntur3
925 1162 1002 1184 cum
1021 1150 1066 1183 ob
1083 1150 1182 1184 aliam
1206 1152 1354 1196 aliquam
1372 1149 1514 1193 causam,
1527 1164 1643 1187 Tuom
1663 1162 1793 1186 tantum
1811 1155 1846 1188 &

399 1209 534 1233 MENSAE
552 1196 718 1242 separatio
736 1197 790 1238 fit,
818 1196 955 1231 vinculo
974 1197 1227 1230 Matrimoniali
1246 1198 1349 1230 firmo
1368 1198 1589 1230 nihilominus
1615 1208 1844 1243 permanente.

446 1245 481 1278 Si
501 1242 654 1277 adversus
671 1244 733 1289 Jus
760 1243 951 1276 Leviticum
984 1242 1090 1289 aliqui
1119 1244 1300 1286 coiverint,
1327 1256 1388 1278 nec
1411 1244 1486 1287 Vir,
1514 1256 1625 1291 neque
1648 1246 1760 1288 Uxor,
1785 1257 1847 1281 nec

396 1292 556 1338 Nuptiae,
579 1303 642 1325 nec
669 1293 740 1325 Dos
766 1290 982 1333 intelligitur.
1037 1293 1078 1323 Et
1108 1292 1166 1336 qui
1194 1303 1235 1325 ex
1263 1290 1322 1324 tali
1355 1292 1451 1326 coitu
1474 1291 1648 1326 nascuntur
1675 1293 1845 1328 naturales

394 1349 525 1374 tantum
545 1339 631 1373 sunt.

443 1387 513 1432 Qi
531 1399 571 1420 ex
588 1386 681 1420 coitu
707 1384 832 1419 illicito
850 1394 1070 1428 procreantur
1084 1383 1173 1432 apud
1189 1397 1249 1419 nos
1267 1384 1360 1419 nullo
1386 1384 1490 1420 modo
1506 1385 1581 1421 fieri
1606 1384 1738 1433 possunt
1756 1386 1843 1432 legi·-

392 1434 478 1469 timi.
534 1435 624 1467 Hinc
641 1435 697 1467 FO
710 1434 739 1467 R
752 1434 848 1467 TES
860 1432 1017 1466 CVTVS
1034 1433 1068 1468 de
1085 1434 1218 1467 laudibus
1233 1435 1332 1478 legum
1347 1435 1474 1478 Angliae.
1506 1433 1649 1480 Cap.39.
1665 1455 1709 1462 —
1724 1437 1841 1471 Prolem

390 1491 463 1516 ante
477 1482 713 1516 Matrimonium
730 1490 847 1521 natam,
873 1481 919 1513 ita
938 1489 971 1513 ut
982 1479 1054 1526 post,
1080 1482 1249 1525 legitimam
1262 1482 1332 1514 Lex
1345 1483 1452 1515 Civilis
1471 1479 1508 1515 &¹
1520 1482 1679 1526 succedere
1701 1482 1786 1526 facit
1805 1486 1838 1519 in

391 1530 586 1564 Hareditate
608 1529 795 1569 Parentum5
823 1528 880 1573 sed
891 1530 1017 1572 prolem,
1044 1540 1134 1573 quam
1149 1528 1390 1563 Matrimonium
1413 1541 1468 1562 non
1480 1531 1578 1573 parit,
1606 1541 1662 1563 non
1673 1530 1744 1576 finit
1768 1532 1838 1567 Lex

388 1578 556 1622 Anglorum
570 1593 581 1618 ς
606 1577 780 1610 naturalem
806 1585 926 1609 tantum
947 1587 1014 1609 eam
1043 1574 1109 1620 esse,
1137 1574 1174 1610 c'y’
1201 1588 1256 1610 uon
1286 1577 1469 1621 legitimam,
1491 1578 1838 1621 proclamans.———-Ex

388 1637 443 1670 quo
460 1624 638 1671 confiderare
654 1625 740 1666 licet,
769 1633 879 1669 quanto
899 1625 967 1657 zelo
984 1620 1053 1657 Lex
1069 1625 1186 1668 Angliae
1214 1625 1330 1658 illicitos
1345 1623 1531 1669 prosequitur
1557 1626 1739 1668 concubitus,
1768 1628 1837 1661 dum

387 1685 426 1707 ex
443 1674 484 1706 eis
503 1673 618 1706 editam
630 1673 745 1715 prolem
763 1672 872 1706 nedum
893 1671 1018 1712 judicat
1035 1683 1089 1704 non
1117 1671 1170 1716 effe
1188 1673 1369 1716 legitimam,
1387 1672 1442 1717 sed
1470 1670 1507 1707 &
1522 1670 1681 1716 succedere
1694 1676 1836 1717 prohihet

387 1721 418 1754 in
434 1720 616 1754 Patrimonio
629 1721 818 1760 Parentum
839 1718 948 1760 fortius
966 1730 1046 1763 ergo,
1063 1719 1241 1764 firmiufiyue
1257 1721 1370 1764 repellit
1380 1729 1552 1764 peccatum,
1578 1731 1670 1764 quam
1678 1720 1748 1755 Lex
1758 1732 1834 1767 pra—

386 1769 464 1802 diua
480 1769 600 1809 Civilis,
627 1778 688 1811 qua
707 1764 777 1808 cito,
804 1764 842 1800 ὅ)
859 1766 941 1811 quast
958 1768 1088 1801 inultum
1102 1767 1245 1801 Luxuria
1259 1769 1369 1802 crimen
1387 1769 1527 1802 remittit.
1537 1786 1668 1794 -—·—-

433 1813 636 1860 AD01›T10,]
664 1815 735 1848 Cur
753 1815 889 1848 inventa
905 1826 920 1847 a
936 1814 1103 1848 Romanis
1116 1812 1156 1848 fit
1172 1814 1336 1862 Adoptio,
1363 1818 1399 1849 δε
1415 1827 1473 1849 cur
1491 1827 1529 1849 ea
1541 1816 1660 1849 Romae
1673 1814 1834 1864 frequen·

386 1864 465 1906 tius,
492 1875 594 1909 quam
615 1860 754 1908 usquam
772 1872 946 1904 terrarum,
961 1860 1001 1896 fit
1016 1859 1185 1909 usurpata,
1205 1862 1308 1909 paulo
1325 1861 1429 1897 altius
1442 1862 1488 1896 est
1503 1862 1737 1908 repetendum.

436 1922 464 1945 1.
487 1911 653 1944 Romanae
669 1909 819 1944 Familioe
839 1908 1028 1943 habuerunt
1043 1908 1096 1943 sua
1113 1908 1201 1944 sacra
1220 1911 1357 1956 privata,
1387 1909 1461 1944 suos
1485 1908 1590 1953 focos,
1618 1915 1654 1945 ὅ(
1678 1923 1750 1945 aras
1767 1911 1831 1946 do-

384 1957 548 2001 mesticas,
572 1956 605 1992 &
621 1956 733 1991 ferias.
787 1959 840 1991 De
859 1958 900 1991 iis
917 1955 1016 1991 sacris
1038 1970 1144 2004 quum
1163 1956 1246 1991 effer
1261 1957 1336 2001 lege
1359 1956 1576 1991 decemvirali
1595 1958 1830 2003 constitutum,

383 2017 493 2040 sacrm
513 2017 672 2040 PRIVATA
691 2016 875 2040 PERPETVO
898 2017 1092 2047 ΜΑΝΕΝΤΟ,
1125 2006 1242 2039 omnia
1256 2005 1330 2040 lane
1347 2004 1490 2049 agebant
1503 2005 1666 2048 Romani,
1682 2018 1725 2040 ne
1739 2004 1828 2041 sacra

383 2052 441 2086 illa
472 2052 614 2096 gentilia
641 2053 829 2086 interirent.
883 2051 1002 2096 Qare
1019 2054 1156 2088 Clodium
1184 2052 1250 2087 hoc
1274 2055 1411 2087 nomine
1435 2053 1578 2097 graviter
1604 2053 1827 2099 reprehendit

382 2102 497 2142 Cicero,
524 2100 619 2147 quod
637 2098 791 2134 effecerit
807 2109 841 2135 ut
863 2102 958 2133 Sacra
977 2101 1082 2135 Clodia
1095 2105 1194 2146 gentis
1215 2103 1385 2136 interirent.
1439 2101 1545 2142 Hinc,
1571 2098 1655 2147 fiqui
1675 2113 1716 2135 ex
1731 2101 1827 2147 justis

381 2147 541 2182 uxoribus
556 2147 679 2183 liberos
693 2147 784 2181 haud
803 2146 1013 2191 sustulissent,
1034 2149 1056 2181 ii
1074 2147 1282 2194 adoptabant
1293 2158 1481 2192 extraneos,
1500 2147 1559 2195 qui
1573 2158 1652 2183 tunc
1667 2149 1700 2182 in
1715 2162 1825 2186 SACRA

379 2199 416 2231 &
435 2208 585 2231 GENTEM
611 2207 797 2231 TRANSIRE
815 2194 1026 2229 dicebantur.

428 2255 461 2277 2.
492 2243 604 2278 Altera
622 2243 752 2278 acceffit
775 2244 874 2285 ratio,
893 2254 1000 2289 poenae
1018 2243 1175 2276 nimirum
1191 2242 1346 2285 orbitati,
1372 2243 1587 2290 proemiaque
1605 2242 1642 2284 τῇ
1663 2244 1827 2286 mumma

376 2290 555 2338 propofita.
606 2293 668 2325 Ne
686 2302 766 2335 ergo
780 2291 939 2324 Parentes
956 2290 1082 2325 amum,
1108 2299 1166 2324 aut
1183 2290 1271 2332 orbi,
1288 2291 1338 2325 vel
1355 2293 1509 2337 proemiis
1526 2291 1592 2325 istis
1609 2291 1823 2337 exciderent,

378 2338 430 2373 vel
455 2351 569 2384 poenas
589 2338 720 2381 darent,
744 2337 830 2372 alios
847 2337 1067 2385 adoptabant.
1121 2339 1218 2381 Quin
1243 2338 1330 2373 adeo
1357 2337 1590 2374 fraudulenter
1611 2339 1722 2387 postea
1747 2341 1822 2374 Ro-

377 2389 469 2420 mani
489 2387 549 2420 hac
579 2388 611 2420 in
640 2398 674 2420 re
699 2396 853 2430 egerunt,
878 2395 926 2429 ut,
952 2398 1055 2434 quum
1075 2398 1135 2433 per
1156 2386 1266 2431 legem
1279 2387 1415 2435 Papiam
1438 2388 1541 2422 trium
1558 2386 1742 2422 liberorum
1758 2388 1819 2422 Pa-

374 2444 486 2469 rentes
503 2435 643 2483 reliquis
660 2435 694 2469 in
713 2434 881 2469 honorum
895 2435 1063 2482 petitione
1081 2432 1330 2480 praeferrentur,
1359 2436 1397 2479 ii,
1423 2434 1544 2483 quibus
1557 2436 1616 2471 iste
1632 2434 1818 2471 liberorum

1659 2494 1818 2519 numerus
