2059 2812
615 132 731 184 Lib.
765 131 828 184 II.
902 131 954 186 T
947 134 1001 184 it.
1028 131 1199 185 XXV.
1525 155 1625 205 149

252 250 288 280 7.
319 232 501 274 Dicimus
519 229 595 271 effe
613 231 862 272 voluntatem
882 233 1006 272 minus
1025 231 1241 272 solennem.
1300 232 1423 272 Unde
1442 233 1628 289 pleraque

195 311 282 351 quae
301 296 350 337 ad
366 294 620 336 solennitates
639 294 811 334 internas
825 301 859 336 ὅ(
871 306 1051 335 externas
1070 295 1390 336 testamentorum
1408 297 1630 350 pertinent,

194 361 260 400 hic
287 360 458 399 exulant.
515 359 622 399 Hinc
649 358 858 397 codicillos
883 357 1041 409 quidem
1062 358 1173 405 fucit,
1199 359 1264 410 qui
1292 366 1326 400 ὃ(
1351 361 1626 400 testamentum

192 423 324 462 facere
344 423 472 476 potest
489 442 500 472 3
539 421 607 461 scd
626 435 708 460 non
728 421 857 473 potest
875 420 962 472 quis
982 419 1020 458 in
1041 420 1240 460 codicillis
1259 420 1457 462 haeredem
1477 423 1629 465 dircite

191 486 410 535 instituere,
428 485 674 525 exhaeredem
693 483 878 532 scribere,
906 483 1164 535 substituere3
1196 498 1333 524 verum
1352 486 1630 528 fideicommit-

192 557 293 596 tere,
322 548 472 600 legare,
501 547 639 586 mortis
658 546 768 587 causa
788 545 938 585 donare
958 552 1027 587 &a

247 617 281 651 8.
313 611 409 650 Inde
429 610 548 649 etiam
571 608 776 650 codicillos
801 608 888 661 quis
913 609 1044 647 facere
1073 609 1202 660 potest
1231 608 1376 661 plures,
1406 609 1529 649 modo
1556 610 1626 651 fibi

191 673 361 713 invicem
389 687 469 712 non
494 672 772 722 adversentur3
813 685 933 723 quum
966 682 1096 710 tamen
1122 684 1238 711 nemo
1264 685 1511 725 paganorum
1538 690 1624 715 cum

190 735 344 776 duobus
364 736 601 776 testamentis
620 734 813 774 decedere
831 734 958 786 poffit.

247 817 282 848 9.
315 800 420 841 Hinc
447 799 553 838 nulla
580 798 757 850 exigitur
776 797 988 837 solennitas
1015 797 1296 836 ordinationis.
1352 799 1501 838 Sufficit
1520 801 1624 841 enim

189 863 318 901 unitas
338 863 460 908 aecus,
489 867 523 902 ὅ(
543 860 720 912 quinque
741 861 912 908 testium,
941 860 1059 900 etiam
1079 860 1311 913 quibuscum
1338 875 1418 900 non
1437 863 1492 902 est
1510 864 1625 903 testa-

186 924 310 963 menti
329 923 470 970 fhcstio,
491 922 616 961 veluti
637 922 863 969 mulierum,
896 924 977 962 imo
997 927 1031 962 ὃ(
1048 937 1129 962 non
1152 932 1384 976 rogatorum
1398 924 1622 976 praesentia.

244 1001 304 1026 10.
339 986 475 1026 Solent
507 985 625 1024 etiam
652 984 831 1025 codicilli
863 986 975 1039 jungi
1007 986 1240 1024 testamento
1267 983 1435 1033 solenni,
1463 988 1623 1039 quando

186 1049 248 1088 illi
285 1049 473 1088 inseritur
510 1047 670 1101 clausula
708 1048 1066 1088 codicillaris.——Sz'
1097 1046 1345 1100 testamentum
1377 1065 1444 1088 uon
1472 1052 1624 1104 valebit,

186 1123 361 1166 tanquam
390 1109 656 1162 testamentum,
687 1111 765 1148 volo
794 1121 836 1149 ut
868 1110 994 1149 valeat
1020 1111 1103 1164 jure
1139 1110 1388 1151 codicillorum.
1446 1115 1497 1153 Et
1527 1126 1622 1156 tunc

186 1172 414 1226 hujusmodi
434 1173 709 1211 testamentum
729 1172 885 1210 ratione
905 1172 1184 1211 solennitatum
1212 1184 1462 1214 externarum
1483 1176 1624 1218 invali-

185 1237 295 1284 dum,
324 1236 365 1274 in
396 1237 476 1274 vim
507 1234 792 1274 fideicommiffi
822 1234 1044 1281 sustinetur,
1074 1233 1165 1273 dum
1192 1236 1366 1289 quinque
1396 1239 1507 1277 testes
1536 1240 1623 1279 sub-

183 1296 423 1350 scripserint.
479 1298 574 1336 Non
595 1308 694 1334 vero
722 1295 802 1335 haec
829 1295 1000 1335 clausula
1017 1294 1172 1348 supplet
1192 1296 1392 1338 defectum
1410 1298 1623 1341 solennita-

184 1373 271 1401 tum
293 1362 551 1405 internarum,
579 1372 614 1397 e.
631 1372 670 1411 g.
701 1358 1018 1410 praeteritionem
1046 1359 1292 1410 liberorum3
1332 1375 1402 1401 nec
1421 1361 1623 1405 defectum

185 1425 225 1463 in
251 1424 350 1462 statu
370 1423 432 1463 vel
452 1421 657 1461 voluntate
689 1422 901 1469 testatoris,
931 1436 1001 1461 nec
1029 1421 1230 1463 defectum
1249 1437 1328 1465 non
1349 1424 1468 1465 aditae
1495 1426 1621 1467 haere-

183 1485 334 1526 ditatis,

184 1595 363 1641 testamento.
416 1595 514 1642 ‚Qtod
524 1598 572 1637 jus
589 1609 625 1630 ne
644 1598 714 1631 miln'
731 1596 851 1640 quidem
878 1597 1010 1640 ignotum
1031 1595 1080 1639 esi,
1107 1609 1173 1631 cum
1194 1596 1233 1643 fit
1257 1599 1293 1630 iis
1320 1599 1412 1632 etiam
1431 1609 1540 1642 notum,
1567 1605 1617 1646 qui

183 1645 257 1677 nihil
275 1644 359 1677 aliud
371 1640 495 1686 sclunt:
522 1643 571 1684 fed
587 1655 638 1687 ego
647 1646 795 1688 propriam
810 1645 959 1686 qumdam
976 1647 1070 1687 legem
1098 1646 1168 1678 mihi
1189 1645 1264 1685 dixi,
1291 1654 1322 1678 ut
1342 1646 1539 1689 dofunfforum
1568 1660 1616 1681 νο-

183 1692 327 1731 luntates,
352 1688 465 1733 etiamsi
474 1691 544 1730 jure
559 1692 762 1736 deficerentur,
789 1689 871 1734 quafi
884 1690 1028 1734 perfeHas
1046 1701 1154 1724 tuerer.
1208 1691 1327 1736 Constat
1342 1703 1444 1727 autem
1463 1696 1617 1728 codicillos

183 1736 246 1781 istos
265 1737 399 1770 Aciliani
418 1747 508 1769 manu
520 1736 655 1781 scriptos.
707 1739 796 1771 Licet
813 1747 877 1779 ergo
895 1749 948 1770 non
964 1737 1023 1782 fint
1040 1739 1200 1782 confirmati
1225 1739 1256 1770 T
1253 1737 1420 1782 estanzento‚
1447 1753 1465 1772 a
1495 1753 1540 1774 me
1566 1751 1616 1774 ta-

170 1795 250 1816 men
268 1793 301 1816 ut
318 1783 480 1826 confirmati
498 1783 741 1827 observabuntur3
764 1781 924 1826 prasertim
942 1796 1008 1817 cum
1026 1786 1150 1818 delatori
1167 1787 1237 1817 locus
1263 1797 1317 1818 non
1327 1785 1377 1829 fit.
1431 1788 1512 1820 Nam
1523 1788 1550 1832 si
1565 1800 1615 1821 ve-

182 1830 305 1863 rendum
323 1829 400 1873 effer,
424 1840 473 1870 ne,
499 1830 574 1874 quod
591 1842 642 1874 ego
660 1830 807 1873 dediffem,
828 1832 943 1873 populus
958 1832 1098 1874 eriperet,
1124 1832 1287 1865 cunstatior
1298 1831 1433 1875 fortasse,
1450 1832 1485 1867 (θ’
1501 1836 1615 1868 cautior

181 1875 234 1919 effe
251 1876 396 1910 deberem.
446 1877 523 1909 Cum
547 1888 614 1911 vero
632 1879 723 1910 liceat
741 1878 843 1910 haeredi
866 1877 985 1918 donare,
1012 1879 1087 1922 quod
1112 1880 1141 1911 in
1159 1879 1330 1911 lmreditate
1347 1877 1504 1924 subsedit3
1542 1882 1616 1914 nihil

181 1922 229 1967 est,
256 1924 332 1967 quod
349 1922 434 1968 obstet
449 1923 490 1955 illi
505 1934 572 1957 meae
591 1926 661 1968 legi,
688 1926 733 1957 cui
746 1925 865 1968 publicae
882 1926 960 1968 leges
973 1936 1028 1958 non
1045 1934 1223 1969 repugnant.
1276 1924 1372 1958 Vale.

280 2016 442 2082 JUS
472 2016 663 2067 ANG
679 2017 727 2067 L
746 2016 1105 2069 ICANUM.
1139 2020 1198 2070 ad
1221 2021 1319 2070 Tit.
1341 2021 1508 2071 XXV.

228 2114 416 2150 Codicillus
444 2115 489 2151 est
510 2115 693 2150 voluntatis
724 2115 839 2150 nostrae
866 2115 951 2162 justa
979 2115 1143 2151 sententia
1173 2116 1215 2151 de
1248 2130 1300 2160 ee,
1327 2118 1418 2166 quod
1441 2119 1515 2164 quis
1542 2119 1612 2166 post

181 2170 324 2195 mortem
339 2160 429 2196 suam
446 2162 521 2197 fieri
540 2164 620 2197 velit
633 2163 755 2210 absque
770 2164 970 2197 Executoris
983 2165 1233 2199 constitutione.
1287 2168 1325 2199 In
1343 2164 1515 2200 codicillis
1533 2178 1611 2202 vero

180 2219 218 2242 ca
236 2207 432 2255 plerumque
447 2209 629 2256 sequimur,
654 2222 727 2257 quae
743 2222 761 2244 a
775 2210 850 2256 jure
868 2211 958 2245 civili
976 2214 1012 2246 &
1032 2212 1207 2246 Canonico
1224 2214 1367 2247 mutuati
1387 2211 1508 2247 sumus.

372 2347 625 2398 FINIS
674 2349 937 2400 LIBRI
991 2350 1411 2402 SECUNDI.
