2059 2812
417 168 521 214 234
810 145 1076 197 Elementa
1106 144 1253 211 Jurbs
1289 144 1458 199 Civilbs

417 247 450 287 is
467 247 566 289 dolo
586 247 699 294 fecit,
727 259 774 284 ex
790 259 902 296 ver03
933 243 985 284 {in
1016 258 1065 283 ex
1087 243 1293 299 imperitia
1320 251 1356 286 ὃς
1376 245 1661 301 imprudentia,
1690 260 1736 286 ex
1764 247 1863 301 quast

413 308 538 349 deliaeo
559 307 777 362 obligatur.
836 308 890 344 Et
915 305 1080 359 quidem
1105 306 1245 360 priore
1269 305 1359 348 casu
1381 307 1423 347 in
1439 321 1572 350 veram
1594 308 1678 348 litis
1697 309 1862 349 aestima-

411 373 566 413 tionem
585 385 675 412 cum
697 370 814 412 famae
832 376 868 412 ἃ
888 370 1062 410 muneris
1080 369 1319 426 dispendio;
1360 372 1582 424 posteriore
1602 372 1644 412 in
1671 372 1860 414 mulaam

411 437 665 478 arbitrariam
685 436 994 485 condemnatur,
1020 441 1055 478 ὃς
1073 437 1203 490 potest
1221 436 1432 477 conveniri
1448 436 1582 478 aeliane
1600 438 1640 479 in
1649 436 1802 490 failum.

474 516 506 549 3.
538 499 700 541 Deinde
721 515 770 541 ex
800 499 898 555 quast
915 499 1040 540 alelmo
1058 511 1247 541 tenentur
1270 504 1325 542 Π.
1382 501 1644 542 Habitatores
1673 516 1859 544 coenacu-

412 564 559 614 lorum,
586 565 655 605 seu
670 565 855 612 Domini,
882 564 950 603 seu
969 563 1169 616 Inquilini
1187 564 1242 604 ob
1272 580 1297 604 D
1313 577 1335 604 E
1347 578 1360 603 1
1374 578 1395 604 E
1408 579 1432 604 c
1444 578 1507 606 TA
1535 566 1601 607 vel
1631 580 1653 606 E
1665 581 1686 606 Β
1698 581 1770 607 Fvs
1781 581 1805 606 A
1835 580 1858 605 a

411 643 670 682 quocunque,
711 629 857 682 quibus
888 629 1077 669 damnum
1108 628 1245 671 datum
1277 630 1620 683 praetereuntibus.
1678 635 1715 672 A
1741 630 1858 684 culpa

409 693 515 732 enim
531 691 652 733 alieni
672 706 755 733 non
773 692 979 742 videntur,
1008 694 1078 746 qui
1094 693 1277 735 homines
1292 694 1495 746 socordes,
1513 701 1548 738 ὅ(
1566 705 1776 750 protervos
1795 708 1858 735 re-

406 755 560 809 cipiunt
577 757 621 797 in
639 756 843 798 familiam.
900 784 904 789 -

462 834 499 869 4.
531 819 653 876 Qafi
671 819 906 874 delinquere
926 820 1048 861 etiam
1067 819 1232 861 videtur
1252 824 1326 861 111.
1346 821 1418 875 qui
1443 820 1598 874 aliquid
1616 820 1736 875 supra
1764 836 1856 863 eum

406 880 551 930 locum,
587 896 670 936 quo
702 881 829 937 vulgo
853 883 931 922 iter
954 883 1000 923 fit
1030 897 1046 922 s
1058 896 1109 923 vs
1119 895 1140 921 1’
1152 896 1175 922 E
1187 897 1216 925 N
1227 897 1243 922 s
1254 896 1280 921 v
1291 897 1325 921 M
1356 882 1419 924 vel
1449 898 1469 923 1>
1482 898 1509 923 o
1522 897 1538 922 s
1552 898 1566 923 1
1579 897 1608 924 T
1618 898 1645 924 v
1656 898 1688 923 M
1716 884 1854 934 habet,

404 946 512 999 cujus
529 945 620 987 casu
643 946 765 987 alicui
785 947 924 988 noceri
943 946 1073 1000 poffit,
1103 946 1166 987 vel
1185 946 1367 987 nocitum
1382 945 1440 988 fit.

457 1025 494 1057 5.
525 1010 645 1067 Qifi
665 1025 714 1050 ex
728 1010 880 1051 delicto
894 1010 1013 1050 etiam
1029 1009 1223 1062 competit
1240 1010 1363 1051 Aetio
1377 1013 1448 1051 IV.
1464 1009 1650 1051 adversus
1665 1024 1854 1063 NAVTAs,

404 1088 652 1124 CAVPONES‚
689 1088 821 1116 STABV
832 1088 992 1115 LAR1os
1022 1073 1077 1112 ob
1104 1072 1293 1114 damnum
1325 1074 1366 1113 in
1399 1073 1515 1114 rebus
1543 1075 1759 1124 viatorum,
1786 1075 1852 1119 vel

401 1137 608 1192 hospitum
627 1138 781 1179 datum.

401 1259 438 1281 ac
456 1246 594 1282 demum
616 1245 824 1290 octodecim,
849 1244 872 1279 fi
888 1246 1115 1290 magistratum
1134 1256 1278 1291 gereret.
1331 1246 1490 1280 Praeterea
1508 1244 1640 1293 judices
1655 1259 1772 1282 omnes
1798 1249 1849 1295 ju-

402 1294 527 1330 bebant
545 1295 695 1328 Romani
712 1295 825 1341 jurare
841 1292 872 1328 se
890 1304 932 1328 ex
949 1295 1050 1328 animi
1069 1292 1244 1337 sententia,
1264 1298 1301 1330 &
1317 1305 1359 1328 ex
1373 1293 1445 1336 lege
1460 1294 1684 1340 judicaturos.
1739 1295 1848 1343 quue

400 1342 601 1389 plerumque
616 1341 720 1376 fiebat
738 1341 780 1376 ad
798 1354 888 1376 aram
906 1344 941 1376 in
968 1342 1134 1385 Comitio,
1161 1355 1237 1389 quae
1250 1343 1360 1388 puteal
1383 1342 1505 1376 Libonis
1521 1340 1710 1377 dicebatur.
1767 1346 1848 1379 Erat

398 1402 478 1425 vero
495 1392 606 1424 Puteal
623 1401 677 1424 ara
697 1389 912 1437 superstruita
924 1399 1026 1434 puteo,
1056 1390 1091 1423 in
1109 1402 1178 1437 quo
1195 1391 1325 1432 Naevii,
1353 1388 1444 1423 illius
1458 1387 1671 1424 celeberrimi
1687 1392 1849 1436 Auguris,

397 1448 510 1473 cotem
529 1441 565 1472 &
582 1437 777 1472 novaculam
793 1436 981 1471 demersam
999 1436 1125 1480 ferunt,
1147 1451 1222 1485 quae
1239 1450 1344 1485 quum
1369 1449 1386 1471 a
1410 1435 1543 1471 Libone
1559 1436 1711 1485 quodam
1731 1437 1847 1475 fuiffet

397 1486 558 1528 restituta,
584 1498 722 1522 PVTEAL
750 1497 903 1521 mnoms
930 1483 1117 1519 dicebatur.
1172 1487 1292 1520 Horat.
1310 1484 1413 1530 Epist.
1429 1486 1456 1518 Ι.
1475 1497 1505 1530 3.

1113 1540 1229 1581 Forum,
1251 1540 1419 1584 putealque
1436 1539 1562 1574 Libonis

732 1586 894 1621 Mandabo
902 1586 1001 1632 siccis.

393 1655 552 1701 Denique
575 1663 613 1688 ut
639 1661 739 1687 tanto
759 1653 870 1687 minus
891 1651 971 1686 effer
1001 1649 1155 1698 periculi,
1179 1660 1221 1683 ne
1253 1648 1411 1694 imperite
1440 1646 1656 1694 judicarent:
1694 1650 1843 1689 solebant

392 1701 577 1750 aliquando
594 1702 635 1734 iis
658 1712 754 1742 unuS,
780 1710 836 1734 aut
852 1698 961 1747 plures
973 1697 1097 1746 judicii
1109 1696 1192 1732 socii
1210 1695 1403 1744 Jurisperiti
1421 1693 1571 1742 adjungi,
1598 1710 1743 1746 quorum
1761 1712 1844 1736 con-

391 1749 467 1786 filio
485 1749 598 1784 omnia
618 1757 767 1792 agerent.

441 1813 592 1852 Nautas‚
617 1809 810 1857 Caupones,
837 1805 1068 1853 stabularios]
1107 1804 1256 1850 Vigebat
1281 1805 1369 1840 inter
1394 1805 1569 1839 Romanos
1588 1807 1625 1840 &
1643 1815 1778 1842 exteros
1788 1811 1842 1851 jus

392 1860 544 1905 Hospitii,
570 1856 724 1903 adeoque
747 1858 809 1892 viri
832 1856 1043 1890 honestiores
1060 1867 1127 1889 non
1154 1852 1372 1888 divertebant
1389 1853 1422 1886 in
1441 1853 1615 1898 cauponis,
1641 1851 1698 1888 sed
1726 1854 1841 1890 homi-

391 1921 473 1943 num
493 1904 654 1939 colluvies
671 1903 718 1938 ibi
737 1904 877 1939 delicias
894 1901 1074 1950 quaerebat.
1128 1903 1208 1936 Nec
1227 1902 1289 1935 viri
1315 1902 1350 1934 in
1367 1899 1536 1944 dignitate
1552 1899 1726 1935 constituti
1746 1906 1840 1937 navi-

388 1954 451 1989 bus
474 1951 620 2001 publicis
645 1951 840 1994 utebantur,
866 1950 922 1985 sed
939 1951 1091 1999 proprias
1108 1947 1169 1984 fibi
1188 1947 1436 1983 conducebant.
1491 1946 1595 1981 Unde
1613 1957 1681 1982 tam
1700 1948 1837 1994 insignis

388 2011 473 2046 erat,
498 2001 706 2042 Nautarum,
725 2000 943 2048 Cauponum,
967 1996 1302 2044 Stabulariorumque
1326 1995 1470 2040 malitia,
1494 2004 1532 2030 ut
1548 1997 1668 2030 Horat.
1688 1995 1787 2032 Sat.I.
1808 2011 1840 2045 5.

388 2063 419 2087 v,
435 2063 467 2097 4.
488 2048 532 2083 de
547 2049 588 2083 iis
603 2056 699 2082 canat
717 2059 724 2081 :

1050 2093 1255 2127 ——Inde
1273 2091 1374 2136 fhrum
1392 2088 1475 2136 App?

723 2140 891 2187 Dtffertum
909 2143 973 2177 NA
983 2143 1014 2178 V
1018 2141 1108 2185 TIS,
1135 2141 1195 2176 CA
1205 2141 1235 2175 V
1235 2142 1298 2175 ΡΟ
1308 2141 1344 2174 N
1348 2142 1366 2175 Ι
1371 2141 1397 2175 Β
1407 2139 1457 2175 VS
1476 2146 1569 2182 atque
1587 2139 1736 2184 malignis.

389 2203 434 2236 Et
457 2198 564 2235 Sat.1.
587 2210 617 2234 1.
638 2210 668 2233 v.
686 2210 742 2240 29.

726 2244 861 2291 Perfidus
889 2245 936 2278 hic
961 2243 1178 2279 CAVPO.-

386 2309 547 2346 Intereffe
571 2321 653 2354 ergo
672 2307 850 2344 videbatur
865 2304 1072 2354 Reipublicae
1094 2304 1156 2340 hos
1177 2304 1332 2340 homines
1359 2314 1478 2352 pravos
1492 2313 1559 2336 non
1573 2300 1679 2339 solum
1695 2314 1737 2338 ex
1753 2304 1835 2352 quafi

386 2362 548 2404 contram,
574 2356 632 2394 sed
650 2360 686 2394 &
707 2368 749 2392 ex
763 2355 857 2405 quafi
875 2353 1001 2390 defleto
1016 2353 1135 2390 teneri.

1667 2404 1705 2439 6.
1736 2399 1831 2439 Sunt
