2059 2812
648 124 761 177 Lib.
798 123 837 176 I.
912 121 1009 176 Τῖΐ.
1050 120 1140 174 XI.
1547 140 1618 189 45

240 236 275 274 8,
353 236 514 268 nantum
528 224 579 266 ad
593 226 757 265 tertium
775 234 921 277 caput3
942 222 1165 276 requiritur
1179 221 1219 261 in
1239 221 1407 275 persona
1425 221 1618 276 adoptan-

181 296 246 346 ἀεὶ,
279 311 314 336 1.
335 303 380 331 ut
399 290 444 332 fit
464 290 604 331 libera.
661 290 815 337 Servus,
829 286 855 327 fi
869 287 1102 341 adoptetur,
1122 299 1203 326 non
1216 286 1261 326 fit
1279 284 1399 333 filius,
1413 284 1480 325 sed
1502 286 1620 325 liber.

182 375 220 402 2.
251 362 313 400 Ut
335 356 493 396 ratione
513 354 638 396 aetatis
656 360 691 396 ὃ(
717 351 964 394 conditionis
985 362 1056 403 per
1076 359 1257 389 naturam
1286 348 1402 402 poffit
1427 348 1503 390 effe
1521 349 1623 389 filius

182 422 426 477 adoptantis.

236 500 272 534 9.
303 486 439 525 Potest
457 490 491 526 δε
506 483 648 531 Pubes,
677 488 712 524 ὃ(
730 496 778 521 ex
805 477 1092 522 constitutione
1109 477 1309 519 Antonini
1327 478 1505 531 impubes
1527 478 1622 518 ado-

180 548 287 601 ptari
304 553 338 589 6<
357 547 553 601 arrogari.
585 551 630 586 In
651 544 910 599 arrogatione
928 553 1059 582 tamen
1079 541 1312 594 impuberis,
1339 546 1374 582 ὅ(
1390 542 1516 595 major
1534 556 1624 582 cau-

180 613 256 663 tio,
287 619 322 654 25<
339 612 503 653 effeetus
518 610 727 665 singulares
747 606 930 647 notandi.
988 607 1042 644 Et
1063 620 1097 644 1.
1119 604 1281 657 quidem
1295 604 1521 645 accuratior
1535 619 1629 645 cau-

179 675 231 716 sae
251 675 432 729 cognitio
461 674 525 715 hic
545 673 791 726 requiritur;
824 669 1018 722 imprimis
1037 681 1084 707 an
1104 669 1312 723 arrogatio
1336 669 1406 709 illa
1423 667 1625 723 impuberi

181 738 226 779 fit
243 740 407 780 honesta
420 745 455 782 ἃ
473 738 597 787 utilis,
625 743 660 779 ὅ(
679 750 726 776 an
742 750 790 776 ex
805 733 979 775 naturali
999 731 1208 773 affectione
1227 733 1436 786 procedat.
1495 749 1532 776 2.
1562 737 1627 775 Ut

183 806 411 858 Arrogator
426 801 600 851 satisdet‚
628 799 654 839 fi
671 798 779 839 infra
801 798 1049 853 pubertatem
1071 796 1245 849 pupillus
1267 796 1489 846 decesserit,
1517 797 1626 837 resti-

182 877 316 906 turum
331 865 370 906 se
392 866 497 905 bona
513 864 607 913 illis,
630 864 712 916 qui,
728 862 755 902 fi
770 861 941 915 adoptio
957 859 1061 900 facta
1083 873 1163 899 non
1181 860 1291 909 estet,
1311 859 1546 900 succedendi
1567 860 1626 914 jus

182 929 390 970 haberent.
421 931 594 970 Effectus
609 927 822 982 singulares
837 927 928 966 sunt
942 925 1063 965 etiam
1085 940 1118 965 1.
1135 925 1241 965 circa
1255 926 1626 979 Emancipationem

182 1000 217 1036 ὃ(
240 994 601 1035 exhaeredationem
630 1008 677 1033 ex
697 992 794 1047 justa
825 989 955 1039 causa,
994 1003 1077 1043 quo
1101 990 1189 1029 casu
1216 993 1333 1030 Pater
1359 990 1445 1030 filio
1473 1000 1625 1030 tantum

185 1057 291 1098 bona
315 1058 383 1098 sua
405 1058 553 1099 reddit.
612 1074 646 1096 2.
676 1057 796 1097 Circa
810 1053 1181 1108 Emancipationem
1200 1059 1236 1096 ὅ(
1263 1053 1627 1094 exhaeredationem

183 1119 260 1161 fine
277 1121 402 1171 causa,
431 1136 513 1174 quo
529 1121 619 1161 casu
634 1120 900 1173 emancipatus
914 1117 990 1157 five
1009 1116 1284 1157 exhaeredatus
1304 1122 1338 1159 ἃ
1358 1117 1439 1167 sua,
1466 1123 1501 1160 ὅ(
1514 1130 1627 1171 quar-

187 1194 268 1224 tam
287 1195 442 1237 partem
456 1185 581 1237 patris
599 1184 846 1238 arrogatoris
864 1184 1064 1220 bonorum
1083 1182 1238 1233 accipit.

713 1281 755 1327 T
795 1293 814 1325 Ι
852 1295 903 1325 Τ.
974 1280 1100 1327 ΧΠ.

310 1380 501 1449 Qibus
525 1375 680 1429 modis
696 1375 788 1442 jus
810 1375 990 1445 patriae
1006 1373 1263 1444 potestatis
1284 1374 1510 1442 solvitur.

246 1495 282 1521 1.
312 1480 447 1519 Patria
462 1478 634 1533 potestas
648 1476 820 1517 solvitur
838 1474 1080 1530 potissmium
1098 1473 1226 1514 tribus
1245 1474 1388 1515 modis.
1422 1491 1457 1516 ι.
1474 1480 1626 1518 Morte,

190 1556 229 1581 2.
258 1540 600 1594 Emancipatione.
661 1555 694 1589 3.
725 1538 953 1593 Dignitate.

245 1619 282 1644 2.
313 1609 427 1647 Mors
443 1605 498 1645 est
510 1603 575 1644 vel
588 1600 767 1642 naturalis
783 1613 868 1641 tum
886 1599 1024 1654 patris,
1054 1609 1135 1640 tum
1151 1599 1241 1649 filii,
1271 1613 1359 1653 quae
1375 1610 1543 1653 utraque
1557 1615 1630 1654 po-

188 1667 366 1707 testatem
387 1667 557 1720 patriam
576 1663 698 1706 solvit
715 1686 725 1717 3
757 1662 823 1704 vel
839 1661 975 1711 Civilis,
999 1676 1089 1702 cum
1107 1672 1220 1715 pater
1241 1662 1430 1711 autfilius
1442 1661 1633 1716 deporta,

187 1741 271 1780 tur,
300 1742 369 1772 aut
384 1730 459 1773 five
478 1745 626 1785 poenae,
654 1728 728 1770 five
748 1728 913 1769 alterius
931 1731 1073 1769 Servus
1096 1728 1154 1769 fit.

436 1833 488 1900 J
512 1835 620 1885 υς
670 1831 884 1884 ANG
908 1833 956 1884 L
983 1831 1385 1885 [CANUM‘

238 1935 304 1968 Hic
330 1935 508 1968 Romanus
534 1933 719 1981 adoptandi
747 1946 833 1978 mos,
859 1943 918 1967 aut
943 1946 960 1968 a
990 1932 1086 1968 nobis
1105 1945 1276 1980 nunquam
1306 1942 1462 1979 receptus
1488 1931 1545 1973 est,
1572 1942 1630 1968 aut

190 1981 390 2028 jampridem
409 1982 551 2025 evanuit.
606 1981 803 2016 Audivimus
820 1980 961 2029 quidem
980 1980 1024 2016 de
1041 1981 1097 2016 illa
1116 1981 1307 2029 Adoptione
1325 1979 1411 2027 apud
1432 1991 1504 2023 nos,
1527 1992 1629 2026 quam

194 2030 340 2064 Romani
359 2030 392 2063 in
411 2027 468 2064 usu
487 2028 690 2072 habuerunt,
716 2027 770 2062 scd
800 2030 929 2075 privata
952 2028 1167 2076 Adoptantis,
1194 2033 1229 2064 δε
1252 2027 1416 2076 Adoptati
1444 2027 1630 2071 voluntate,

195 2079 230 2111 ὃς
250 2078 482 2119 conventione,
510 2077 614 2120 magis
631 2088 730 2123 quam
749 2074 862 2123 aliquo
877 2077 965 2123 jure,
981 2077 1182 2111 communiri
1200 2074 1266 2111 visa
1283 2075 1338 2110 est.
1393 2073 1488 2121 Apud
1511 2087 1571 2109 nos
1589 2075 1630 2109 li-

195 2122 310 2158 berum
328 2125 384 2166 est,
412 2136 449 2159 ut
467 2134 569 2158 terras
583 2136 600 2157 a
620 2123 714 2159 nobis
733 2122 943 2171 perquisitas,
962 2123 1014 2159 vel
1030 2125 1132 2159 etiam
1151 2137 1168 2159 a
1182 2123 1365 2170 majoribus
1379 2120 1629 2165 descendentes,

193 2169 281 2215 (nifi
299 2169 414 2205 saltem
441 2170 719 2205 conditionaliter
741 2171 840 2215 darae,
866 2170 931 2206 five
950 2182 986 2206 ut
1014 2184 1074 2206 nos
1102 2172 1279 2220 loquimur
1298 2181 1536 2206 mutua-rm
1556 2167 1630 2203 fue—

196 2216 292 2261 rint‚)
307 2220 492 2265 cuicunque
512 2217 573 2254 five
592 2228 725 2263 agnato,
744 2217 807 2253 five
823 2229 980 2263 cognato,
994 2218 1056 2255 five
1072 2220 1173 2254 etiam
1188 2228 1353 2255 extraneo
1365 2216 1445 2252 dare
1461 2217 1631 2264 poffimus,

196 2263 310 2298 liberis
337 2266 437 2298 etiam
456 2266 573 2301 nostris
600 2265 685 2300 nihil
705 2265 969 2312 impedientibus

245 2311 321 2345 Sive
339 2311 474 2347 alterius
492 2313 603 2348 servus
622 2312 694 2359 fit.]
732 2315 815 2348 Non
843 2313 945 2349 modo
963 2313 1056 2357 servi,
1084 2314 1139 2350 sed
1163 2319 1199 2350 &
1221 2312 1396 2357 Peregrini
1415 2320 1476 2344 nec
1496 2308 1630 2352 habere,

195 2369 257 2396 nec
276 2357 339 2394 effe
355 2369 514 2406 poterant
528 2362 561 2394 in
581 2361 687 2406 patria
704 2361 884 2406 potestate,
912 2372 949 2397 ut
969 2372 1061 2409 patet
1078 2375 1120 2397 ex
1140 2363 1223 2397 Plin.
1243 2359 1343 2407 Epist.
1362 2362 1465 2439 &ilfi
1484 2405 1523 2439 N
1539 2405 1553 2440 Ι
1567 2403 1595 2441 V
1609 2403 1630 2440 S
