2059 2812
407 133 503 182 118
795 127 1057 178 Elementa
1091 123 1238 192 Juris
1273 124 1442 178 Civilis

460 240 522 266 12.
553 224 668 282 Qu
700 229 736 265 δε
765 222 843 263 hoc
876 237 1025 264 novum
1057 223 1117 277 jus
1144 222 1256 273 fecit,
1285 224 1395 278 quod
1426 223 1548 265 haeres
1582 223 1793 281 allegatam
1814 242 1837 268 a

403 290 591 331 testatore
610 286 761 328 causam
781 296 947 341 cogatur
965 287 1153 341 probare.

460 371 521 404 13.
551 354 752 393 Caeterum
771 367 819 392 ex
839 353 979 405 quibus
998 352 1111 394 caufis
1135 353 1209 394 filii
1235 353 1398 407 possunt
1416 352 1673 403 exhaeredari,
1701 368 1748 395 ex
1772 354 1839 395 iis-

401 416 492 455 dem
512 420 546 456 ἃ
568 414 755 455 alimenta
769 412 857 467 ipsis
874 416 985 455 redte
1002 424 1198 469 negantur
1217 428 1239 454 a
1260 414 1360 455 vivis
1374 415 1619 468 parentibus.

458 491 519 526 14.
548 476 723 529 Reliqua
740 475 816 517 huc
836 476 1077 529 pertinentia
1093 476 1186 519 vide
1205 475 1255 516 ad
1281 476 1466 518 Titulum
1487 489 1615 518 xvm.
1638 474 1688 517 de
1703 475 1838 517 Inoffi-

399 539 508 581 cioso
533 540 778 581 testamento.

915 603 959 648 T
999 617 1019 650 1
1059 617 1108 650 T.
1182 601 1324 649 XIV.

727 697 807 749 De
843 697 1139 750 Haeredibm
1175 696 1508 765 Instituendis.

458 812 493 840 1.
523 798 662 854 Qum
681 796 834 848 liberis,
870 796 1115 851 parentibus,
1141 796 1348 844 fratribus,
1378 795 1660 849 sororibusque
1677 811 1759 838 non
1776 811 1842 837 ex-

400 860 616 912 stantibus:
647 860 712 902 vel
738 861 838 914 juste
865 860 1128 901 exhaeredatis
1157 859 1254 908 illis,
1281 870 1350 900 aut
1374 860 1605 912 praeteritis,
1640 859 1844 913 unusquis-

399 940 477 979 que
503 924 619 978 poffit
634 928 774 966 Haeres
802 924 951 976 scribi;
979 924 1073 966 hinc
1101 923 1151 965 de
1175 938 1221 965 ea
1245 923 1413 964 haeredis
1434 924 1681 965 institutione
1708 924 1842 977 agitur

401 989 479 1029 hoc
498 987 639 1028 titulo.

455 1067 494 1092 2.
523 1049 862 1091 Considerandum
881 1052 935 1092 est
953 1063 1066 1091 vero,
1128 1064 1163 1091 1.
1192 1051 1279 1105 Qi
1306 1049 1450 1104 poffint
1469 1048 1645 1091 haeredes
1673 1049 1840 1091 institui.

400 1129 438 1154 2.
469 1118 587 1169 Qot
605 1112 750 1165 posfint
768 1112 934 1162 institui,
957 1118 991 1153 &
1010 1111 1218 1158 quomodo
1236 1111 1445 1147 haereditas
1463 1111 1568 1146 inter
1586 1110 1723 1158 plures
1740 1110 1846 1149 divi-

399 1174 532 1215 datur.
594 1189 628 1218 3.
659 1177 753 1222 Qa
774 1170 906 1207 forma
930 1167 1131 1206 institutio
1153 1167 1242 1207 fieri
1264 1166 1408 1206 debeat
1432 1167 1496 1207 vel
1520 1168 1648 1221 possit.

458 1251 476 1284 3
510 1229 700 1274 Haerede's
721 1230 872 1271 institui
892 1231 1067 1282 poffunt,
1096 1230 1164 1283 qui
1186 1243 1269 1269 non
1283 1229 1564 1282 prohibentur.
1623 1233 1847 1275 Prohiben-

399 1308 468 1340 tur
496 1306 629 1336 autem
658 1293 729 1332 alii
742 1293 991 1347 stmpliciter:
1029 1293 1098 1332 alii
1124 1293 1176 1333 ad
1203 1302 1339 1332 certum
1368 1293 1523 1334 modum.

453 1375 493 1411 4.
525 1356 752 1411 Simpliciter
785 1355 1051 1410 prohibentur
1083 1358 1305 1410 Apostatae‚
1346 1358 1567 1406 Haeretici,
1610 1360 1842 1413 Peregrini,

399 1425 579 1477 adeoque
610 1427 646 1463 ὅτ
671 1421 782 1461 Servi
808 1435 966 1474 poenae,
1008 1428 1043 1463 ὅ(
1070 1419 1291 1474 deportati.
1349 1422 1591 1474 Peregrinos
1620 1432 1753 1463 tamen
1782 1425 1842 1465 in-

400 1490 513 1533 stitui
536 1485 712 1541 permisit
739 1485 970 1527 Fridericus
996 1487 1237 1536 Imperator.

400 1591 911 1640 PISSET.--Qin&ilian.
932 1590 1008 1626 Lib.
1024 1605 1057 1630 7.
1078 1604 1152 1639 cap.
1175 1595 1337 1638 4.--ν-3ἱ
1361 1592 1797 1630 EXHAEREDATVM
1821 1608 1842 1630 a

394 1647 538 1693 sefilium
551 1651 637 1687 pater
654 1641 776 1684 testatus
785 1640 887 1684 fuerit
903 1640 1130 1683 ELOGIO,
1155 1641 1475 1676 PROPTEREA
1500 1641 1644 1690 QOD
1669 1645 1723 1677 SI
1743 1644 1842 1678 ME-

404 1689 703 1730 RETRICEM
727 1688 1023 1723 AMAVERIT.

499 1789 665 1857 JUS
706 1787 967 1839 ANGL
993 1786 1372 1840 [CANUM.
1407 1789 1469 1838 ad
1488 1790 1744 1841 Tit.XIII.

451 1887 646 1937 Expressam
676 1887 769 1923 iliam
796 1886 980 1922 liberorum
1003 1888 1328 1931 exhaeredationmn,
1361 1887 1415 1921 cui
1439 1886 1530 1930 leges
1557 1888 1721 1922 Romame
1752 1889 1841 1922 cives

403 1939 494 1975 illius
512 1936 660 1970 civitatis
676 1935 912 1977 astrinxerunt,
939 1935 990 1979 jus
1004 1935 1148 1970 nostrum
1171 1946 1311 1983 paterno
1328 1935 1436 1968 amori
1454 1933 1612 1975 remittit,
1639 1945 1739 1979 quem
1760 1946 1840 1979 pra:-

400 1986 501 2022 sumit
522 1991 672 2017 naturam
689 1990 755 2016 tarn
778 1981 922 2015 firmiter
939 1982 1089 2016 omnium
1108 1984 1227 2017 animis
1255 1979 1466 2027 insculpfiffe,
1491 1990 1529 2014 ut
1555 1979 1615 2014 nifi
1643 1981 1840 2028 turpiffimis

401 2033 588 2069 liberorum
616 2028 767 2064 moribus
795 2027 958 2062 eradicari
978 2040 1045 2063 non
1062 2029 1166 2076 poffit.
1220 2031 1350 2064 Omnes
1367 2029 1486 2074 itaque
1513 2038 1580 2061 non
1602 2025 1709 2061 solum
1727 2027 1840 2061 mobi-

402 2081 500 2122 lium,
526 2075 580 2111 sed
597 2077 700 2110 etiam
718 2073 947 2110 immobilium
975 2075 1109 2111 suorum
1138 2076 1278 2111 liberam
1307 2074 1429 2110 habent
1446 2072 1713 2120 dispositionem,
1734 2074 1839 2121 idque

403 2138 471 2162 tam
490 2122 764 2174 perquisitorum,
782 2133 883 2168 quam
902 2121 944 2156 ab
961 2123 1220 2158 antecessoribus
1236 2121 1510 2158 descendentium
1529 2119 1633 2168 usque
1651 2121 1692 2155 ad
1708 2130 1837 2156 certum

402 2173 555 2213 modum,
581 2170 640 2204 nifi
668 2181 817 2205 FEVDVM
844 2182 1057 2205 TALLIATVM
1084 2170 1195 2205 fuerit.
1250 2173 1302 2204 De
1331 2169 1395 2203 hoc
1421 2169 1513 2202 enim
1543 2180 1609 2201 non
1643 2167 1701 2201 nisi
1730 2167 1838 2202 Tallii

404 2219 623 2256 diss'olutione
646 2229 705 2265 per
726 2228 865 2259 FINEM,
890 2226 947 2251 aut
974 2228 1274 2253 RECVPERATIONE
1305 2216 1398 2264 prius
1425 2215 1607 2263 impetrat&
1640 2215 1743 2249 nostri
1772 2213 1839 2248 dis-

404 2276 549 2315 ponunt.

1706 2368 1744 2403 5.
1776 2353 1843 2393 Ad
