2059 2812
597 128 715 182 Lib.
748 129 812 182 Π.
886 129 984 184 Tit.
1012 130 1205 186 XVJJL
1498 96 1501 97 ᾗ
1522 152 1614 201 131

184 246 289 273 nunc
316 229 429 272 semis
459 226 584 268 totius
613 228 835 270 substantiae
864 227 1045 270 defunCti
1071 244 1149 284 pro
1168 243 1336 273 numero
1361 230 1619 285 personarum

184 293 324 347 quibus
342 289 524 345 legitima
542 288 711 329 debetur
727 307 737 329 ε
767 304 855 330 nam
873 289 899 329 fi
918 301 1089 343 quatuor
1106 291 1181 331 sint
1200 291 1263 332 vel
1281 292 1500 346 paucioreS,
1519 291 1619 347 legi-

185 357 280 396 tima
299 354 354 394 est
371 353 529 400 Triens,
554 352 624 405 'seu
643 362 813 404 quatuor
841 353 981 392 Unciae
998 371 1010 402 ;
1053 352 1105 392 fin
1127 353 1260 405 plures
1279 367 1395 407 quam
1421 364 1594 408 quatuor
1602 375 1614 407 3

184 419 360 472 legitima
380 418 458 458 erit
488 415 615 464 semis,
643 416 686 455 id
705 416 772 464 est,
801 415 866 455 sex
884 417 1021 456 unciae.
1081 420 1351 470 Augmentum
1368 429 1500 459 autem
1519 417 1617 458 illud

179 495 226 520 ex
244 482 332 534 jure
364 494 473 522 novo
493 493 575 519 non
593 487 749 518 tantum
768 478 944 531 pertinet
964 479 1014 519 ad
1041 478 1259 533 legitimam
1287 480 1523 532 liberorum,
1548 480 1616 522 sed

181 550 216 585 ὅ(
235 544 284 584 ad
304 548 518 584 Parentum
536 548 570 584 ὅ(
587 541 773 583 fratrum.

692 654 737 702 T
775 667 796 702 1
833 667 879 702 T.
948 652 1095 701 XIX.

343 751 421 800 De
445 748 716 801 Haeredum
740 749 1002 817 Qalitate
1031 747 1104 809 &⁷
1129 744 1448 813 Dg'ffierentia.

239 870 272 894 1.
302 856 410 912 Qa
437 856 668 894 testamenta
686 867 734 894 ex
759 853 967 907 principiis
990 856 1269 894 Romanorum
1289 851 1377 892 sunt
1395 850 1521 893 veluti
1539 855 1613 895 Le-

178 929 244 970 ges
265 935 276 966 3
316 922 440 971 Leges
469 927 601 957 autem
631 930 716 956 non
743 916 814 957 nifi
841 916 1022 956 subditos
1051 925 1215 966 tenent3
1245 915 1424 968 sequitur
1450 924 1496 954 ut
1522 913 1615 956 huic

179 979 328 1019 ultimae
348 980 545 1020 voluntati
574 979 802 1032 fimpliciter
822 989 1032 1020 teneantur
1051 991 1206 1032 parere,
1233 978 1303 1029 qui
1333 977 1424 1017 sunt
1443 977 1483 1017 in
1501 977 1615 1018 testa-

178 1042 279 1081 toris
298 1043 490 1095 potestate
507 1060 516 1081 :
546 1043 725 1081 extranei
742 1056 838 1090 non,
865 1041 948 1091 nifi,
967 1041 1034 1082 sua
1046 1042 1188 1096 sponte
1203 1041 1242 1082 se
1259 1039 1322 1080 illi
1338 1040 1586 1082 submittant.

263 1149 429 1213 JUS
460 1149 1115 1201 ANGLICANUM.
1141 1151 1204 1200 ad
1222 1150 1530 1200 Tit.XVIII.

230 1245 407 1281 inofficiofi
426 1247 613 1280 testamenti
640 1246 773 1291 querela
791 1248 879 1293 apud
907 1248 1033 1283 nostros
1050 1260 1117 1282 non
1143 1245 1295 1281 auditur.
1345 1246 1386 1280 In
1403 1244 1613 1281 Catallorum

180 1293 399 1340 dispositione
416 1295 511 1326 variae
529 1292 736 1326 diversorum
755 1293 906 1328 locorum
923 1293 1077 1330 videntur
1094 1292 1160 1327 esse
1177 1291 1448 1333 consuetudines,
1474 1303 1613 1339 quarum

179 1339 269 1386 apud
297 1349 425 1373 veteres
438 1339 522 1385 juris
546 1339 648 1373 nostri
666 1337 850 1386 scriptores
869 1341 957 1375 haud
974 1339 1111 1374 obscura
1130 1339 1264 1383 vestigia
1282 1346 1493 1385 permanent.
1546 1337 1614 1372 Sed

178 1386 221 1419 de
246 1387 320 1432 jure
342 1386 514 1419 communi
533 1384 685 1419 voluntas
712 1386 830 1420 horum
850 1386 1152 1421 distribuendorum
1182 1385 1334 1419 testatori
1362 1382 1489 1431 semper
1509 1383 1614 1418 libera

178 1431 255 1467 fuit.
309 1432 426 1477 Qare
445 1431 543 1465 breve
561 1430 645 1465 illud
663 1432 706 1464 de
727 1434 900 1465 rationabili
912 1442 1002 1476 parte
1018 1435 1165 1473 bonorum,
1188 1430 1282 1476 quod
1299 1440 1368 1465 tam
1390 1431 1488 1464 uxori
1511 1443 1614 1477 quam

178 1479 292 1513 liberis
310 1478 351 1511 ad
379 1486 505 1523 partem
531 1477 678 1523 aliquam
706 1476 870 1511 bonorum
888 1487 1104 1524 paternorum
1122 1475 1381 1522 recuperandam
1402 1486 1520 1510 contra
1536 1488 1614 1521 exe-

178 1535 309 1560 cutores
322 1525 426 1571 jacet,
452 1536 521 1557 non
550 1522 704 1568 generale
722 1523 780 1566 est,
806 1522 861 1557 sed
886 1525 985 1559 certis
1012 1522 1234 1558 comitatibus
1259 1522 1441 1569 peculiare,
1465 1533 1612 1568 quorum

179 1570 387 1606 consuetudo
412 1569 555 1616 postulat
574 1581 636 1604 aere
653 1570 767 1604 alieno
784 1569 946 1613 dedu&o‚
972 1570 1068 1618 quod
1095 1569 1265 1616 reliquum
1284 1568 1330 1603 est
1349 1569 1384 1602 in
1400 1577 1510 1614 partes
1524 1567 1614 1603 divi-

179 1618 291 1660 datur,
315 1629 380 1652 una
395 1618 507 1660 uxori,
531 1617 636 1652 altera
652 1616 781 1660 liberis,
806 1617 910 1652 tertia
923 1617 1091 1652 testatoris
1108 1615 1251 1651 arbitrio
1268 1614 1501 1696 relinpuenda.

226 1666 294 1698 Hic
312 1676 384 1699 mos
405 1663 657 1710 quodammodo
678 1664 790 1698 adhuc
807 1663 942 1698 obtinet
959 1665 994 1698 in
1021 1664 1160 1698 civitate
1176 1661 1358 1697 Londinen
1373 1674 1397 1706 1,
1423 1664 1461 1697 δὲ
1484 1661 1613 1706 legibus

179 1712 299 1747 Scotiae
317 1711 432 1758 portio
454 1710 605 1755 legitima
623 1712 720 1745 uxori
740 1714 774 1746 &
791 1709 906 1745 liberis
925 1709 1078 1745 debetur.

226 1790 310 1824 Sunt
326 1788 430 1823 veluti
447 1788 557 1835 leges]
597 1788 715 1824 Veluti
730 1789 841 1834 legem
870 1789 1008 1823 testator
1025 1787 1112 1823 dicit
1138 1786 1273 1831 haeredi,
1297 1786 1380 1834 quid
1397 1786 1438 1821 ab
1462 1798 1504 1821 eo
1530 1799 1613 1833 prae-

181 1836 255 1871 stari
281 1835 375 1878 velit,
399 1834 486 1870 unde
513 1839 549 1870 &
569 1836 693 1870 Graecis
721 1836 832 1881 legare
861 1836 907 1870 est
932 1835 1094 1878 νομοθετῐὶν.
1147 1835 1244 1880 Qin
1268 1838 1306 1870 δε
1336 1833 1443 1882 ipsum
1472 1834 1611 1869 verbum

181 1881 421 1964 ἓῗξηῗέἓὲιέί
436 1880 727 1964 ἰΙῑὲιιάέῐξὲξΗεεῑ,
753 1895 854 1932 quam
880 1882 1038 1918 mandare
1056 1885 1094 1918 &
1113 1882 1217 1918 veluti
1246 1881 1358 1926 legem
1383 1879 1506 1916 dicere.
1560 1882 1612 1915 Ita

513 1989 606 2038 Qn
617 1992 713 2034 potins
729 1991 807 2035 quod
822 1993 876 2026 tibi
899 1991 967 2027 LE
976 1992 1043 2027 GA
1052 1991 1084 2027 T
1087 1992 1117 2028 V
1118 1989 1163 2025 M
1188 1989 1226 2035 eli
1242 1992 1394 2036 negotium

512 2045 547 2077 Id
569 2055 653 2079 curas
665 2049 813 2079 3——

185 2111 275 2145 Hinc
293 2111 405 2155 Legati
425 2107 585 2145 dicuntur
612 2123 630 2145 a
656 2112 792 2156 legando,
819 2112 901 2158 quia
927 2122 1003 2146 curn
1032 2110 1199 2146 mandatis
1216 2111 1409 2153 mittuntur,
1435 2121 1501 2143 non
1531 2108 1612 2155 quia

185 2156 317 2202 publice
332 2157 500 2201 leguntur.
552 2159 634 2192 Nec
650 2157 751 2192 aliam
769 2157 856 2193 forte
873 2157 918 2192 ob
938 2155 1066 2192 causam
1091 2159 1233 2203 Relegati
1261 2156 1483 2204 appellantur,
1510 2165 1612 2201 quam

185 2205 266 2248 quia
289 2205 372 2248 Lege
403 2214 420 2236 a
449 2204 574 2250 populo
599 2204 651 2239 vel
667 2205 822 2253 Principe
850 2205 917 2241 lata
935 2206 1073 2240 civitate
1091 2206 1184 2241 exire
1207 2203 1378 2253 jubentur.
1430 2197 1613 2247 Imperativk

186 2261 268 2294 ergo
285 2250 361 2285 fieri
381 2248 524 2285 debebat
540 2251 610 2286 haec
625 2253 786 2287 Donatio.

906 2355 948 2392 R
976 2367 999 2391 2
1356 2363 1394 2386 2.
1423 2343 1613 2387 Potestati
