2059 2812
935 141 937 145 .
1102 143 1105 147 .
1228 144 1231 147 v
1254 145 1259 149 .
1336 145 1339 151 .
1384 134 1407 150 ’όᾷ

443 161 539 211 162
829 154 1089 204 Elementa
1124 152 1270 219 Juris
1305 152 1470 206 Civilis

492 270 532 309 4.
563 255 601 295 Si
624 252 743 293 liberi
774 250 897 292 adfint
916 266 964 291 ex
992 250 1150 293 diversis
1167 251 1251 291 nati
1270 253 1547 304 matrimoniis,
1577 256 1778 296 communi
1795 257 1864 297 Pa-

436 328 549 357 rente
581 328 718 354 omnes
745 311 960 354 succedunt
989 311 1207 365 aequaliter‚
1247 313 1418 364 proprio
1446 316 1592 368 quique
1624 315 1836 368 separatim
1852 338 1865 368 ‚-

436 380 491 418 ita
512 389 640 417 tamen
661 386 705 415 ut
739 375 780 414 hi
797 375 1016 429 praecipuum
1046 373 1230 422 habeant,
1259 373 1365 426 quod
1385 387 1431 413 ex
1449 376 1586 426 priore
1605 379 1867 418 matrimonio

436 439 483 478 ad
501 443 711 478 Parentem
730 449 978 478 communem
995 446 1245 488 pervenerat.

491 517 529 548 5.
561 500 782 555 Legitimati
795 509 863 554 per
872 498 1090 552 subsequens
1106 497 1377 537 matrimonium
1396 498 1537 537 eodem
1550 497 1637 552 jure
1656 498 1865 541 succedunt

435 574 480 601 ac
504 562 695 616 Legitimi
715 582 726 612 3
759 561 979 615 Legitimati
999 573 1096 599 vero
1110 569 1176 612 per
1191 559 1416 612 Rescriptum
1433 559 1618 613 Principis
1650 561 1867 600 admittun-

436 635 503 663 tur
517 623 543 663 fi
563 623 637 662 soli
656 623 729 662 fint
746 642 757 673 3
788 637 875 663 nam
890 622 1075 674 Princeps
1094 619 1354 676 legitimando
1382 634 1462 660 non
1481 621 1660 661 censetur
1677 623 1784 675 justis
1799 624 1868 663 Li-

436 684 539 723 beris
558 683 725 723 voluisse
740 681 1011 736 praejudicare‚
1031 683 1112 723 imo
1137 695 1221 721 non
1236 680 1336 720 solet
1354 680 1402 721 iis
1420 682 1655 722 exstantibus
1672 683 1870 723 naturales

432 744 700 798 pronunciare
724 743 939 797 legitimos
1112 783 1115 785 Α
1494 756 1496 758 ’

488 813 524 846 6.
557 805 738 861 Adoptivi
759 805 1023 859 cujuscunque
1041 805 1198 860 generis
1227 804 1274 843 ab
1307 805 1490 845 intestato
1510 803 1654 844 eodem
1671 802 1757 856 jure
1785 803 1872 844 suc-

433 868 596 918 cedunt,
625 885 669 910 ac
689 869 900 909 naturales,

490 946 526 977 7.
559 930 765 984 Illegitimi
785 928 955 982 denique
980 929 1098 968 matri.
1110 928 1321 970 succedunt
1340 927 1568 969 indistinete
1596 940 1674 967 una
1701 941 1792 968 cum
1811 926 1868 966 le-

430 993 596 1046 gitimis.
614 996 716 1031 -In
736 992 868 1044 patricss
888 991 1098 1031 haereditate
1124 991 1334 1040 naturales,
1363 991 1388 1031 fi
1413 1005 1484 1031 nec
1507 1003 1622 1038 uxor,
1650 1004 1722 1030 nec
1747 989 1867 1031 liberi

431 1055 605 1108 legitimi
623 1053 787 1101 exstent,
817 1053 857 1091 in
877 1051 1092 1095 sextantem
1106 1062 1261 1092 tantum
1277 1065 1364 1091 cum
1383 1062 1509 1093 matre
1523 1050 1784 1091 dividendum
1799 1048 1869 1089 ad-

431 1117 663 1156 mittuntur.
681 1133 724 1140 -
738 1116 798 1153 Ex
814 1113 1044 1162 Adulterio‚
1072 1114 1137 1154 vel
1157 1113 1303 1152 incestu
1321 1113 1406 1151 nati
1424 1112 1528 1152 nihil
1552 1112 1728 1166 capiunt,
1755 1124 1799 1152 ac
1817 1125 1868 1151 ne

432 1177 630 1217 alimentis
653 1174 811 1228 quidem
834 1173 946 1228 d1gni
966 1174 1178 1214 habentur.

719 1268 800 1319 De
837 1268 1125 1336 Succefflone
1153 1265 1590 1335 Adscendentium.

433 1380 435 1382 ·
492 1384 524 1408 1.
557 1367 729 1409 Tametfi
748 1367 869 1408 tacita
886 1369 1054 1419 quadam
1070 1379 1221 1408 naturae
1240 1367 1327 1420 lege
1340 1368 1553 1405 Parentum
1577 1364 1787 1403 haereditas
1800 1364 1869 1404 de-

433 1431 570 1470 beatur
590 1429 743 1476 liberis,
771 1443 852 1468 non
873 1432 895 1471 'e
912 1441 1053 1470 contra
1071 1452 1082 1481 ;
1108 1442 1238 1469 tamen
1259 1426 1425 1468 turbato
1444 1425 1702 1466 mortalitatis
1726 1425 1868 1465 ordint:

432 1495 562 1532 Pietas
586 1497 620 1532 ἃ
648 1489 857 1531 Miseratio
885 1495 1071 1531 Parentes
1099 1500 1214 1531 vocat
1241 1489 1288 1527 ad
1317 1487 1536 1539 liberorum
1569 1487 1867 1539 succeffionem5

432 1551 772 1604 Descendentibus
789 1565 887 1605 ergo
901 1552 1019 1592 nullis
1036 1550 1273 1592 exstantibus
1291 1548 1340 1589 ad
1355 1549 1617 1603 Adscendentes
1635 1549 1868 1590 devolvitur

431 1615 652 1656 liberorum
680 1615 957 1655 intestatorum
983 1615 1205 1656 haereditas

487 1696 524 1720 2.
554 1683 768 1733 Qumque
801 1680 997 1719 Definitio
1027 1680 1124 1732 juris
1155 1677 1515 1732 repraesentationis
1542 1677 1867 1720 adscendentibus

433 1742 623 1794 applicari
643 1750 824 1793 nequeat,
853 1740 1032 1795 sequitur
1053 1752 1096 1780 ut
1114 1741 1332 1795 generatim
1353 1740 1523 1793 propior
1537 1740 1717 1781 excludat
1737 1755 1866 1785 remo,-

432 1805 583 1854 tiores;
613 1802 744 1844 locum
766 1814 895 1842 tamen
916 1803 978 1844 hic
997 1803 1116 1843 habet
1137 1803 1301 1856 Succeffio
1326 1804 1364 1842 in
1388 1805 1516 1852 lineas,
1544 1818 1617 1857 qua
1636 1817 1725 1856 pars
1744 1804 1867 1846 haere-

432 1866 568 1906 ditatis
588 1866 755 1905 dimidia
772 1866 886 1906 lineae
906 1870 1085 1916 Paternae,
1115 1867 1282 1907 dimidia
1309 1868 1431 1908 altera
1454 1868 1569 1908 hneae
1589 1869 1771 1908 Μαιενηιε
1792 1883 1865 1921 per

432 1929 537 1982 leges
555 1927 683 1968 datm.

492 2008 527 2041 3.
558 1995 642 2035 Nec
668 2001 799 2031 tamen
827 1991 979 2046 semper
1005 1993 1080 2034 soli
1107 1994 1337 2044 succedunt,
1374 1994 1443 2036 sed
1468 1994 1494 2034 fi
1522 1993 1687 2033 existant
1719 1993 1862 2034 fratres

433 2057 639 2103 Germani,
676 2056 740 2096 vel
767 2058 930 2096 Sorores
958 2060 1181 2106 Germanae,
1215 2056 1280 2098 vel
1305 2060 1611 2104 Germanorum,
1645 2059 1864 2099 Germana-

432 2131 569 2158 rumve
589 2117 721 2167 liberi,
749 2117 792 2158 hi
812 2116 919 2157 fimul
937 2119 1216 2160 admittuntur.

434 2232 436 2236 y
487 2196 526 2230 4.
556 2183 615 2220 Ex
630 2180 690 2220 his
702 2181 912 2235 principiis
927 2181 1113 2234 sequitur.
1173 2197 1207 2221 1.
1231 2185 1291 2222 Ut
1306 2185 1469 2225 Pater&
1485 2187 1619 2224 Mater
1636 2183 1711 2223 soli
1727 2184 1861 2237 super-

431 2245 540 2288 stites
569 2242 787 2284 luctuosam
818 2243 1090 2285 haereditatem
1120 2245 1224 2284 inter
1252 2244 1290 2283 se
1323 2244 1431 2297 aequa
1461 2246 1569 2286 lance
1601 2245 1796 2294 dividant,
1824 2253 1859 2288 ὃ(

435 2314 556 2361 Avos‚
585 2308 765 2363 aviasque
787 2308 1011 2351 excludant.
1070 2325 1106 2351 2.
1136 2313 1198 2352 Ut
1218 2309 1409 2352 alteruter
1428 2310 1532 2351 solus
1557 2310 1743 2363 superstes
1765 2310 1858 2350 soli-

1760 2373 1856 2417 dum
