2059 2812
572 143 682 195 Lib.
719 142 759 196 I.
832 141 928 194 Tit.
969 141 1163 194 XXVI.
1515 159 1578 206 71

208 253 242 288 8.
267 246 438 287 Effectus
453 241 714 283 accusationis
730 241 844 296 hujus
859 238 1035 293 institam
1048 243 1119 289 est,
1132 239 1242 293 quod
1258 239 1440 280 accusato
1456 242 1583 281 statim

153 310 402 350 interdicitur
432 305 747 356 administratim
794 306 923 345 Finitae
955 315 1086 344 autem
1117 303 1376 344 accufiitionis
1401 304 1507 357 justae
1529 304 1586 344 ef.

150 373 273 414 fectus
293 372 346 411 est
367 369 664 416 condemnatio,
693 382 768 420 qua
787 380 867 407 non
889 377 1040 406 tantum
1061 365 1179 418 plane
1203 376 1430 405 removetur
1456 366 1586 420 suspe-

149 436 243 483 ‹stus‚
271 433 337 473 sed
355 438 390 474 ὃ(
409 432 461 471 ob
481 431 621 471 dolum
638 435 672 471 ὃ(
693 428 809 470 latam
829 428 986 482 culpam
1005 428 1049 467 fit
1071 427 1243 474 infamis,
1270 428 1365 478 quin
1387 434 1420 470 ὅ(
1441 442 1586 482 corpo-

148 497 220 537 rali
239 510 362 549 poena
388 494 626 548 quandoque
654 491 853 542 afficitur;
885 490 1011 532 veluti
1031 503 1121 530 cum
1140 490 1309 529 libertus
1328 490 1496 530 tutelam
1517 496 1587 532 Pa-

148 560 257 600 troni
290 560 509 600 liberorum
540 555 815 596 fraudulenter
845 555 976 610 gesfit;
1007 553 1071 594 vel
1088 567 1177 596 cum
1194 554 1329 593 Tutor
1349 556 1505 605 copiam
1527 553 1587 594 sui

146 635 226 662 non
261 621 373 671 fecit,
402 635 451 661 ne
485 618 656 673 pupillus
689 616 874 659 alimenta
905 617 1198 668 consequatur3
1241 615 1308 656 vel
1344 629 1430 655 cum
1454 619 1586 658 Tutor

145 683 313 738 praesens
332 697 404 737 per
433 681 680 723 mendacium
708 687 825 733 negat
854 677 1014 732 pupillo
1048 678 1236 718 alimenta
1263 677 1488 731 suppetere.
1546 674 1587 720 Sl

145 756 277 787 autem
309 747 490 787 latitante
521 746 677 784 Tutore
700 741 877 796 Pupillus
908 756 990 781 non
1021 741 1136 794 poflit
1169 740 1356 780 alimenta
1383 742 1589 796 consequi,

146 811 325 852 mittitur
343 813 384 851 in
403 811 507 850 bona
526 808 619 862 ejus.

193 920 248 955 Ob
263 918 379 953 dolum
399 921 435 952 δε
453 917 554 953 latam
573 916 703 965 culpam
719 914 759 949 fit
776 911 923 959 infamis]
955 913 1046 947 Hinc
1061 922 1146 958 turpe
1160 912 1272 949 Tutela
1287 915 1437 956 judicium
1455 926 1584 950 memo-

146 977 196 1001 rat
217 968 291 1001 Cic.
310 966 352 1000 de
367 966 464 999 Orat.
480 967 503 999 Ι.
531 970 589 1000 26.
641 963 738 998 Idem
761 973 821 1007 pro
845 958 1036 1006 QRoscio
1053 960 1225 995 Comoedo
1250 966 1359 995 6.--
1373 963 1408 996 Si
1432 974 1491 1007 qua
1510 963 1587 1008 sunt

140 1016 266 1059 privata
281 1014 401 1055 judicia
421 1011 542 1055 summa
560 1010 800 1057 existimationis,
828 1006 865 1042 &
883 1017 965 1051 poene
991 1009 1090 1041 dicam
1114 1009 1234 1052 capitis,
1260 1010 1320 1042 tria
1337 1010 1395 1042 haec
1410 1009 1493 1054 sunt,
1520 1011 1546 1044 F
1551 1012 1585 1044 I-

145 1063 323 1103 DVCIAE,
349 1060 577 1102 TVTELAE,
603 1056 926 1093 SOCIETATIS.
979 1053 1082 1100 AEque}
1112 1057 1192 1090 enim
1219 1056 1403 1102 perfidiosum
1430 1053 1468 1089 ὠ·
1495 1055 1584 1100 nefa-

144 1111 223 1144 rium
237 1109 285 1154 est,
303 1109 396 1153 fidem
406 1106 565 1152 frangere,
592 1117 651 1149 quae
669 1105 800 1139 continet
824 1103 919 1137 vitam
932 1118 943 1143 3
970 1101 1006 1137 &
1029 1103 1183 1146 Pupillum
1193 1101 1357 1147 fraudare,
1384 1103 1434 1147 qui
1454 1103 1485 1136 in
1503 1112 1584 1137 tute-

146 1157 208 1190 lam
223 1156 357 1198 pervenit
371 1169 382 1192 ς
406 1153 442 1186 &
452 1153 563 1195 socium
574 1152 699 1193 fallere,
723 1152 774 1193 qui
785 1150 820 1191 se
837 1151 869 1182 in
883 1152 997 1193 negotio
1010 1152 1176 1190 conjunxit.

193 1198 374 1246 Corporali
392 1210 491 1245 poena
510 1195 715 1243 quandoque
729 1192 902 1237 afficitur]
930 1193 1061 1236 Infigne
1079 1194 1176 1239 hujus
1191 1194 1374 1228 severitatis
1389 1195 1581 1241 exemplum

146 1249 257 1282 statuit
272 1247 388 1287 Galba,
415 1246 472 1291 qui
490 1246 640 1283 Tutorem,
664 1242 740 1286 quod
757 1241 917 1283 pupillum,
935 1242 984 1274 cui
995 1239 1167 1284 substitutus
1183 1242 1271 1275 hares
1291 1250 1371 1282 erar,
1396 1253 1504 1275 veneno
1527 1255 1582 1276 ne-

147 1296 246 1340 caffit,
271 1305 357 1327 cruce
374 1291 498 1335 affecit;
526 1290 755 1333 implorantique
770 1288 863 1329 leges,
888 1284 926 1319 ὠ
947 1288 1040 1320 civem
1055 1287 1224 1321 Romanum
1242 1286 1276 1331 se
1298 1287 1477 1332 testificanti,
1501 1289 1583 1334 quafi

136 1342 244 1385 solatio
261 1338 298 1375 ό*
312 1341 414 1374 honore
433 1339 533 1382 aliquo
546 1347 662 1380 poenam
679 1336 846 1374 levaturus,
873 1335 1000 1374 mutari,
1018 1333 1168 1378 multoque
1182 1343 1287 1379 practer
1307 1343 1425 1368 caeteras
1444 1336 1583 1370 altiorem

147 1388 184 1424 (ἐν
201 1388 372 1423 dealbatam
391 1385 483 1430 statui
500 1395 618 1419 crucem
632 1378 905 1427 jussit.-—Suet.
924 1378 1042 1413 Galba.
1066 1390 1099 1419 9.

399 1566 653 1621 FINIS
702 1563 965 1614 LIBRI
1020 1562 1313 1614 PRIML
