2059 2812
367 145 374 149 ἠ
433 151 617 221 Imm<
640 169 862 219 RERUM
892 168 944 219 &
963 166 1309 218 VERBORUM
1337 168 1432 218 &c.
1550 183 1647 232 307

225 266 397 315 Responsa
421 266 628 302 Prudentum
644 270 680 303 &
697 278 813 301 eorum

273 315 472 350 Auaoritas.

225 363 409 398 Restitutio
425 362 461 397 in
481 362 660 407 integrum.

554 457 575 492 S

221 548 438 597 Sacr{legit1m
456 549 549 596 quid.

224 596 405 631 Satiidatio
421 598 560 632 Tutoris
574 596 624 631 vel
643 595 815 630 Curatoris

299 643 366 677 uid.

224 656 555 726 Segatusconsultum
571 689 663 737 quid.

366 737 599 773 Claudianum.

362 784 664 820 Macedonianum.

223 832 614 879 ——Orphitianutm

357 878 581 922 Pegafianurn.

356 925 614 961 Tertullianum.

356 972 621 1008 Trebellianum.

225 1023 316 1056 Servi
337 1020 426 1056 unde
445 1019 611 1053 dicantur.

222 1070 379 1103 Servi-ana
394 1071 430 1101 &
442 1064 531 1113 quafi
545 1064 698 1098 Serviana
710 1063 818 1098 Aetio.

223 1115 359 1150 Servilis
380 1113 561 1156 cognatio.

223 1164 370 1197 Servitus
387 1174 406 1195 a
421 1157 604 1194 serviendo
620 1156 712 1204 quid.

222 1210 406 1244 servitutes
423 1206 549 1241 rusticae
567 1209 604 1240 ὅ(
623 1204 778 1239 Urbanae.

223 1258 372 1291 Societas
395 1252 493 1301 quid.

222 1303 354 1338 solutio
373 1300 469 1349 quid.

225 1349 440 1396 Specificatio
461 1345 556 1393 quid.

226 1396 394 1444 Sponsalia
413 1394 454 1431 de
480 1392 630 1441 praesenti
651 1396 686 1428 &
704 1390 746 1426 de
765 1390 816 1426 fu-

275 1455 365 1478 turo·

224 1490 406 1537 Stipulatio
428 1492 463 1524 δε
483 1488 552 1534 ejus
572 1485 737 1533 requisita.

864 325 908 348 20

863 366 908 406 65

842 560 907 593 293

863 647 910 687 64

869 699 908 733 13

844 741 909 768 160

841 794 908 827 257

844 840 910 874 154

844 880 910 921 146

843 934 911 968 154

844 975 911 1015 146

866 1029 910 1061 25

843 1075 910 1109 245

844 1116 911 1155 156

864 1170 909 1199 90

865 1216 907 1245 91

842 1263 908 1289 207

843 1311 907 1333 211

868 1347 908 1379 S,

892 1373 908 1391 .)

870 1452 909 1484 35

845 1498 910 1527 179

965 266 1022 301 Stu
1029 276 1122 312 prum
1136 263 1230 312 quid.

1579 266 1648 304 287

964 313 1165 348 Substitutio
1186 310 1269 358 quid
1286 315 1323 346 &
1342 311 1540 360 quotuplex.
1583 323 1650 348 122

964 359 1128 394 Succeffio
1144 357 1372 394 Libertorum.

963 407 1127 442 Succeffio
1143 405 1185 439 ab
1201 406 1372 441 Intestato.

965 455 1022 487 Sui
1045 452 1202 487 haeredcs.

965 500 1138 547 Suspct‘tus
1156 509 1249 534 tutor
1264 501 1350 547 quis.

965 546 1128 594 Syndicus
1145 548 1229 593 quis.

1288 641 1321 675 T

967 734 1217 769 Testamentum
1233 733 1328 779 quid.

966 780 1157 816 Thesaurus
1175 781 1269 828 quid.

1582 365 1648 404 156

1583 412 1648 442 161

1583 465 1649 499 132

1606 513 1650 538 70

1582 553 1648 593 263

966 828 1127 862 Traditio
1145 828 1226 875 quid
1247 834 1284 863 &
1299 827 1496 875 quotuplex.
1603 830 1648 862 86

964 875 1163 910 Tributoria
1184 877 1291 910 Aetio.

968 922 1096 957 Tutela
1113 922 1196 970 quid
1215 923 1247 957 ἃ
1266 921 1465 970 quotuplex.
1608 922 1651 968 48

1283 1018 1318 1049 U

966 1109 1155 1153 Vcffigalia
1175 1122 1261 1156 quae.

966 1157 1218 1191 Veneficiorum
1238 1168 1347 1203 poena.

966 1203 1156 1238 Verborum
1175 1203 1367 1247 Obligatio.

966 1251 1031 1284 Via
1052 1251 1147 1296 quid.

1589 1120 1653 1153 195

1584 1157 1651 1195 289

1587 1204 1652 1241 178

1609 1262 1651 1290 91

966 1299 1026 1332 Vis
1045 1297 1175 1345 publica
1195 1298 1227 1332 δι
1245 1298 1370 1344 privata
1386 1295 1559 1344 quomodo

1015 1347 1183 1390 puniatur.
1585 1356 1652 1383 292

967 1392 1138 1438 Usucapio
1156 1395 1191 1426 δε
1211 1393 1281 1438 ejus
1300 1390 1468 1438 requisita.
1609 1402 1651 1434 95

968 1438 1186 1472 Ufhsfruetus
1207 1437 1303 1486 quid.
1607 1449 1650 1482 93

968 1485 1055 1519 Usus
1074 1485 1168 1532 quid.
1608 1496 1653 1529 94-

701 2044 1165 2094 FINIS.
