2059 2812
692 167 800 221 Lib.
834 167 875 220 J.
950 166 1046 221 Tit.
1072 166 1137 221 X.
1563 189 1630 238 41

192 272 370 321 nexibus,
397 275 432 313 ὅτ
453 267 642 309 oneribus
670 269 839 310 obnoxii
868 272 1020 323 erant‚)
1051 268 1316 318 subeundum,
1345 268 1408 311 vel
1426 269 1548 311 filiam
1566 285 1632 312 na-

192 337 360 380 turalem
376 334 603 376 Decurioni
623 333 846 374 nubendam
865 334 1044 374 offerret.

246 405 310 441 28.
341 397 523 439 Secundo
544 398 588 438 fit
601 396 879 451 Legitimatio‚
907 410 995 436 cum
1025 399 1141 436 Pater
1170 398 1464 446 Concubinam,
1492 412 1539 438 ex
1557 411 1634 452 qua

195 465 344 506 liberos
362 462 483 502 habet
503 460 714 509 naturales,
742 472 908 499 uxorem
928 459 1053 500 ducit.

247 544 311 577 29.
342 529 486 568 Tertio
505 527 549 566 fit
564 525 843 578 Legitimatio‚
856 537 947 564 cum
963 527 1095 571 Pater,
1113 522 1178 562 vel
1198 521 1267 575 ipfi
1282 523 1421 564 Liberi
1436 525 1635 565 naturales

189 591 432 646 Imperatori
458 602 593 643 preces
613 588 804 636 offerunt,
833 587 997 641 prolato
1016 585 1126 626 fimul
1162 586 1395 626 testamento
1421 586 1563 635 Patris,
1592 588 1634 625 in

190 667 270 707 quo
290 652 465 694 haeredes
485 650 620 703 scripti
639 648 741 698 sunt,
770 658 989 702 petuntque
1004 648 1092 701 jura
1106 647 1380 702 legitimorum
1396 647 1635 694 liberorum,

190 732 358 771 cumque
376 716 566 768 Princeps
586 713 646 752 his
665 713 864 753 desideriis
882 713 1034 752 annuit.

253 796 313 831 30.
343 781 545 821 Caeterum
566 791 653 817 cum
673 780 790 816 Pater
809 775 936 816 filium
956 774 1020 815 vel
1038 773 1157 815 filiam
1179 774 1221 812 in
1248 774 1511 815 instrumento
1534 773 1638 828 pub.

190 844 270 884 lico
288 843 351 884 vel
379 843 557 896 privato,
587 839 651 880 cui
680 850 760 880 tres
780 840 893 880 testes
917 836 1200 891 subscripsere,
1230 837 1292 877 vel
1323 838 1364 877 in
1390 839 1637 885 testamento,

191 906 255 946 vel
284 905 388 958 apud
409 907 495 946 aeta
513 901 777 956 appellaverit
803 901 882 941 fine
906 900 1127 948 mentione,
1155 897 1264 951 quod
1293 899 1440 939 nothus
1465 898 1524 947 sit,
1552 911 1633 939 non

191 967 442 1025 legitimasse,
470 965 537 1008 sed
549 964 849 1007 matrimonium
864 962 1091 1019 praecedens
1107 960 1308 1018 agnoviffe
1327 962 1522 1003 censetur.

193 1079 424 1113 Decurionum
443 1087 592 1118 munere,
616 1084 654 1109 ut
670 1075 738 1120 jam
759 1073 901 1120 Trajani
922 1072 1133 1120 temporibus
1153 1071 1252 1106 multi
1275 1072 1370 1106 inviti
1388 1070 1509 1106 fierent
1524 1073 1633 1106 Decu-

193 1124 304 1161 ric'mes
323 1136 360 1160 ut
378 1135 470 1172 patet
489 1135 529 1157 ex
546 1124 632 1157 Plin.
655 1122 756 1168 Epist.
780 1121 858 1156 Lib.
882 1134 932 1156 ιο.
956 1121 1056 1167 Epist.
1075 1132 1153 1166 114.

530 1169 940 1201 TRAIANUS
992 1167 1291 1202 PLINIO.

192 1217 486 1254 ——Honorarium
503 1215 719 1249 Decurionatm
737 1225 847 1255 omnes,
873 1214 923 1258 qui
952 1214 983 1246 in
1009 1224 1128 1258 quaque
1153 1215 1278 1246 civitate
1295 1214 1436 1260 Bithyniae
1452 1215 1635 1249 Decuriones

186 1268 279 1313 fiunt,
305 1264 414 1308 inferre
433 1263 560 1296 debeant
576 1273 677 1301 necne,
705 1262 736 1293 in
762 1262 929 1302 universum
955 1271 974 1292 a
995 1272 1043 1294 me
1061 1272 1117 1293 non
1133 1258 1223 1303 potest
1244 1257 1349 1304 statui.
1403 1260 1439 1293 Id
1454 1271 1533 1305 ergo,
1560 1262 1635 1304 quod

188 1314 305 1359 semper
322 1312 494 1355 tutissimum
521 1307 575 1352 est,
600 1306 787 1350 sequendam
813 1305 951 1350 cujufique
971 1307 1103 1339 civitatis
1130 1308 1226 1348 legem
1240 1315 1335 1349 puto.-
1357 1305 1476 1350 scilicet
1494 1307 1634 1352 adversus

193 1372 251 1403 eos,
276 1360 327 1405 qui
356 1360 372 1392 Ι
381 1358 416 1391 Ν
421 1357 449 1390 V
453 1357 470 1390 I
478 1355 526 1389 TI
547 1354 626 1399 fiunt
650 1354 848 1394 Decuriones,
870 1353 1003 1386 existimo
1021 1352 1052 1386 id
1075 1354 1204 1393 acturos,
1230 1360 1265 1385 ut
1280 1354 1410 1397 erogatio
1434 1356 1544 1387 caeteris
1558 1364 1634 1400 prex

186 1406 318 1452 feratur.
331 1422 440 1433 --

436 1448 614 1518 JUS
659 1445 1388 1499 ANGLICANUM.

243 1550 416 1599 Sponsalia
442 1553 586 1598 privata,
611 1548 663 1585 vel
691 1546 757 1584 fine
783 1547 986 1584 solennitate
1013 1547 1227 1596 personarum
1252 1545 1526 1582 contrahentium
1553 1560 1635 1583 con-

195 1601 323 1643 ventio,
352 1599 427 1634 sunt
449 1599 501 1633 vel
527 1611 572 1634 DE
600 1609 754 1640 Fv-rvtto,
781 1596 920 1644 quando
937 1596 1046 1643 aliqui
1066 1594 1099 1630 se
1115 1595 1246 1629 futuros
1260 1595 1420 1641 conjuges
1439 1593 1607 1643 spondent
1622 1615 1635 1637 3

195 1648 249 1684 vel
276 1660 319 1683 DE
347 1659 549 1689 ι’ῐυξεεκτι,
573 1644 709 1693 quando
735 1656 794 1693 per
811 1644 912 1679 verba
938 1644 981 1679 de
1009 1642 1163 1692 praesenti
1179 1643 1255 1679 Viri
1283 1645 1318 1677 &
1334 1641 1499 1677 Mulieres
1522 1642 1634 1690 quoad

194 1696 448 1731 matrimonium
466 1693 560 1728 simul
578 1695 612 1727 in
630 1692 661 1728 se
687 1694 832 1727 invicem
850 1689 1077 1726 consentiunt.
1131 1691 1274 1737 Nuptiae
1291 1689 1376 1731 sunt,
1403 1701 1479 1724 cum
1499 1691 1533 1724 in
1548 1689 1635 1725 facie

194 1741 347 1778 Ecclefiae
361 1743 501 1789 (Bannis
520 1742 608 1790 prius
626 1741 782 1785 legitime
800 1738 1023 1784 denuntiatis)
1037 1739 1098 1774 Vir
1114 1741 1150 1772 &
1164 1737 1305 1781 Mulier,
1323 1737 1477 1772 Par-ocho
1490 1738 1635 1773 interro-

195 1800 309 1834 gante,
335 1802 394 1836 per
410 1789 522 1831 verba,
549 1792 586 1823 ὃ(
611 1789 821 1822 caeremonias
851 1786 986 1822 usitatas
1009 1785 1040 1820 se
1060 1786 1225 1820 Maritum
1240 1788 1276 1819 &
1292 1796 1430 1819 uxorem
1453 1784 1638 1820 solenniter

196 1837 414 1885 profitentur,
442 1840 477 1871 &
494 1835 576 1869 tales
595 1848 611 1869 a
627 1834 779 1870 Parocho
797 1847 873 1869 cum
892 1833 1128 1868 benedicitione
1152 1833 1427 1878 pronunciantur.

243 1883 498 1919 Observandum
513 1883 571 1926 est,
598 1882 689 1929 quod
700 1884 843 1928 Nuptiae
858 1881 1019 1917 celebrari
1035 1879 1162 1915 debent
1175 1881 1209 1913 in
1230 1878 1386 1914 Ecclefiis
1404 1878 1455 1913 vel
1472 1878 1636 1926 Capellis,

197 1930 251 1966 ubi
270 1931 371 1966 altera
391 1943 463 1978 pars
476 1931 747 1965 contrahentium
768 1928 914 1972 habitat,
935 1939 1087 1976 tempore
1102 1926 1296 1962 divinorum
1316 1929 1406 1961 inter
1425 1927 1524 1961 horas
1541 1928 1635 1962 octa-

196 1992 269 2014 vam
287 1980 320 2015 δε
338 1978 578 2014 duodecimam
606 1989 682 2012 ante
701 1976 895 2019 Meridiern‚
923 1981 959 2012 &
982 1975 1075 2023 quod
1100 1985 1178 2009 ante
1196 1975 1409 2022 Nuptiarum
1437 1974 1637 2009 celebratio-

198 2038 272 2061 nem
300 2026 408 2061 tribus
435 2025 561 2061 Diebus
578 2026 781 2068 Dominicis,
808 2024 859 2059 vel
887 2022 1010 2058 festivis
1027 2034 1179 2069 tempore
1197 2021 1391 2057 divinorum
1420 2023 1454 2055 in
1475 2021 1636 2065 ecclesiis,

200 2073 255 2107 ubi
271 2075 505 2109 contrahentes
526 2072 692 2116 habitant,
717 2072 824 2107 futuri
840 2072 1056 2106 Matrimonii
1074 2070 1360 2105 Denuntiationes
1378 2070 1487 2111 fiant;
1516 2068 1577 2103 nisi
1598 2080 1636 2104 ut

198 2119 294 2154 aliter
312 2121 406 2165 fiant,
432 2120 473 2156 ab
491 2120 675 2156 Ordinatio
691 2118 915 2167 dispensatum
932 2117 1222 2153 fuerit.---Cum
1242 2128 1322 2152 vero
1337 2117 1432 2165 plura
1447 2115 1508 2150 fint
1524 2119 1634 2163 Impe-

198 2166 346 2202 dimenta
375 2177 448 2215 quae
476 2167 520 2202 de
545 2169 620 2215 jure
639 2169 813 2203 Canonico
840 2167 1077 2202 Matrimoniis
1094 2164 1237 2208 obstant,
1263 2165 1405 2199 Statutis
1430 2164 1634 2205 declaratur,

200 2215 291 2260 quod
309 2228 424 2249 omnes
442 2214 588 2262 personae
604 2215 763 2260 legitimae
781 2214 844 2249 fint
860 2214 902 2249 ad
920 2214 1173 2249 matrimonium
1192 2213 1478 2252 contrahendum,
1504 2212 1561 2256 qui
1578 2209 1631 2243 di-

200 2263 279 2295 vino
294 2262 368 2307 jure
385 2263 583 2298 contrahere
604 2276 670 2297 non
690 2262 925 2310 prohibentur,
953 2265 990 2298 &
1009 2260 1102 2309 quod
1122 2260 1212 2295 nulla
1237 2259 1427 2308 prohibitio
1457 2256 1543 2291 ultra
1562 2268 1635 2301 gra-

200 2307 261 2342 dus
277 2309 444 2343 Leviticos
459 2311 716 2346 Matrimonium
734 2309 910 2356 impediat.

250 2356 427 2390 Parentum
444 2356 625 2391 consensus
641 2357 727 2405 apud
744 2371 804 2393 nos
820 2370 887 2392 non
906 2366 972 2391 tam
992 2354 1187 2391 necessarius
1203 2354 1261 2394 est,
1278 2363 1316 2387 ut
1328 2352 1545 2387 Contrae‘tum
1557 2352 1634 2385 Ma-

201 2402 429 2438 trimonialem
447 2404 533 2438 inter
544 2403 681 2440 Liberos
698 2407 733 2441 de
744 2404 876 2452 prasenti
896 2402 1081 2452 perfeetum
1098 2401 1251 2437 descetus
1269 2402 1340 2445 ejus
1356 2398 1481 2434 solvere
1499 2398 1608 2447 poffit.

1555 2449 1637 2482 Duo
