2059 2812
608 141 742 194 Lib.
774 141 867 194 JV.
942 141 1039 195 Tit.
1075 136 1213 214 VJJ.⁴
1539 163 1640 211 257

260 249 299 285 6.
326 239 556 284 Introduxit
575 246 610 284 ὃ(
635 242 753 282 aliam
779 241 997 284 Actionem
1015 244 1186 293 Praetor‚
1217 255 1307 296 quae
1334 255 1578 286 ‘riuanon
1589 261 1635 288 1A

202 317 385 349 vocatur.
443 309 546 349 Nam
565 303 591 345 fi
610 307 752 346 Servus
779 306 821 345 in
840 305 1032 360 peculiari
1062 319 1191 348 merce
1213 307 1360 349 sciente
1385 309 1553 350 domino
1571 324 1638 351 ne-

203 371 397 423 gotietur,
418 375 452 411 ὅ(
472 370 569 423 quid
588 383 678 409 cum
698 383 748 409 eo
766 371 848 423 ejus
868 370 927 410 rei
944 370 1057 410 causa
1075 373 1326 412 conti-aetum
1344 374 1440 423 erit,
1467 373 1523 413 ita
1537 377 1640 415 Prae-

204 440 272 471 tor
287 431 349 486 jus
366 431 480 481 dicit,
509 443 555 471 ut
574 431 765 485 quicquid
785 432 825 471 in
845 431 908 471 his
924 432 1121 472 mercibus
1140 434 1234 481 erit,
1262 435 1447 489 quodque
1466 435 1561 477 inde
1579 448 1643 475 re·-

204 505 359 548 ceptum
379 496 473 544 erit,
501 496 543 535 id
562 496 669 536 inter
687 494 911 546 dominum,
938 495 963 536 fi
990 496 1087 550 quid
1109 497 1146 536 ei
1167 497 1395 548 debebitur,
1421 505 1457 541 &
1476 510 1643 542 caeteros

205 556 426 597 creditores
456 570 533 611 pro
567 568 652 597 rata
682 557 871 610 portione
903 557 1175 599 distribuatur.
1233 561 1286 599 Et
1312 559 1408 600 ideo
1428 560 1642 601 Trihutoria

205 629 387 669 vocatur,
404 621 498 673 qnia
512 619 580 673 ipsi
593 619 759 660 domino
773 619 1098 660 distributionem
1113 624 1268 662 Praetor
1283 623 1498 675 permittit.
1540 627 1643 666 Nam

204 679 232 720 fi
251 684 337 735 quis
351 699 398 724 ex
412 683 680 725 creditoribus
701 695 908 735 queratur,
926 683 1029 737 quasi
1044 683 1170 724 minus
1183 685 1221 725 ei
1239 685 1438 727 tributum
1451 686 1512 737 fit,
1528 701 1644 742 quam

206 748 454 798 oportuerit,
483 746 584 786 hane
614 746 652 785 ei
674 745 886 786 Actionem
917 747 1207 797 accommodat,
1234 763 1322 803 quae
1341 749 1553 792 Tribucoria
1578 765 1646 806 ap·

206 807 393 860 pellatur.

263 886 299 916 7.
332 871 453 912 Aetio
484 884 537 911 DE
567 885 748 912 Prevmo
780 873 834 912 est
850 873 971 913 Aetio
987 875 1194 923 Praetoria,
1223 874 1456 929 personalis,
1485 889 1534 917 ex
1552 889 1648 917 con-

205 935 337 974 tractu
356 949 510 983 eorum,
537 936 607 988 qui
635 936 769 976 alieno
796 937 874 989 juri
907 936 1070 991 subjecti
1102 939 1204 988 sunt,
1232 940 1487 992 proveniens,
1509 941 1650 996 peculio

206 1007 312 1036 tenus
331 1009 574 1051 competens,
603 1000 758 1038 ratione
778 999 1129 1042 administrationis
1148 1004 1366 1059 peculiaris..

264 1065 299 1100 8.
333 1060 456 1100 AcC'cio
475 1059 525 1098 de
556 1074 602 1101 m
636 1075 724 1101 REM
753 1075 890 1102 VERSO
922 1063 976 1102 est
997 1064 1118 1104 Aetio
1138 1067 1256 1106 etiam
1279 1066 1488 1115 Praetoria,
1515 1067 1649 1119 perso-

207 1123 321 1171 nans,
349 1137 438 1177 quae
457 1138 504 1164 ex
523 1126 731 1164 contractu
749 1124 993 1166 filiifamilias
1014 1127 1079 1166 vel
1099 1126 1201 1168 servi
1220 1127 1337 1168 datur
1356 1129 1397 1169 in
1416 1139 1571 1184 patrem
1588 1129 1653 1172 vel

208 1187 431 1227 Dominum
450 1186 500 1226 de
519 1200 583 1236 eo,
602 1186 710 1240 quod
729 1188 770 1227 in
791 1188 1079 1240 patrimonium
1098 1190 1178 1242 ejus
1198 1190 1401 1231 redactum
1420 1194 1475 1247 est
1491 1211 1500 1231 z
1531 1193 1652 1247 idque

208 1246 317 1296 ideo,
337 1262 386 1287 ne
406 1248 492 1300 quis
511 1261 601 1287 cum
621 1248 784 1287 alterius
800 1248 950 1302 jactura
965 1248 1250 1302 locupletetur.
1292 1251 1541 1307 Intelligitur
1555 1268 1653 1295 vero

208 1311 248 1350 in
280 1326 353 1351 rem
383 1313 523 1364 versum
556 1313 633 1364 effi,
674 1312 865 1365 quicquid
884 1312 1098 1354 neceffario
1116 1320 1151 1356 &
1167 1315 1328 1355 utiliter
1347 1316 1390 1356 in
1411 1330 1494 1358 rem
1513 1319 1653 1372 patris,

209 1375 274 1415 vel
293 1377 477 1424 Domini,
506 1375 625 1425 filius,
654 1376 719 1416 vel
751 1380 892 1417 Servus
921 1376 1027 1417 bon&
1057 1378 1133 1419 fide
1155 1379 1426 1433 impenderit:
1469 1382 1597 1425 veluti
1626 1383 1654 1423 fi

208 1449 409 1479 mutuatus
440 1439 647 1492 pecuniam
680 1440 950 1480 creditoribus
981 1442 1135 1482 domini
1169 1444 1336 1484 solverit
1351 1465 1363 1496 3
1393 1457 1460 1486 aut
1485 1446 1652 1488 aedificia

210 1503 367 1542 ruentia
385 1501 542 1542 fulserit
559 1522 571 1553 3
602 1512 670 1542 aut
688 1502 933 1544 frumentum
953 1506 1110 1554 emerit,
1141 1513 1176 1548 ὅ(
1196 1506 1238 1546 id
1257 1507 1384 1559 ipsum
1399 1509 1441 1548 in
1460 1507 1654 1551 familiam

210 1566 380 1605 Domini
399 1567 714 1621 consuinpserit5
753 1577 820 1607 aut
839 1569 936 1622 quid
955 1569 1064 1610 aliud
1083 1568 1242 1620 fecerit,
1267 1572 1379 1626 quod
1399 1574 1482 1627 ipse
1510 1575 1653 1617 Domi-

211 1641 283 1668 nus
301 1626 476 1669 facturus
493 1629 641 1671 fuiffet.
694 1658 697 1660 v

269 1705 305 1737 9.
337 1692 389 1728 Et
409 1689 596 1731 hactenus
614 1692 773 1745 quidem
795 1691 961 1747 perinde
981 1694 1051 1743 est,
1078 1694 1154 1736 five
1173 1696 1261 1749 quis
1289 1712 1380 1738 cum
1406 1701 1532 1739 Servo
1559 1715 1655 1742 con-

212 1753 395 1802 traxerit,
422 1752 497 1793 five
516 1769 600 1794 eum
620 1754 890 1795 filiofamilias.
946 1756 1066 1798 Circa
1085 1758 1190 1800 hunc
1208 1773 1307 1800 vero
1334 1760 1526 1817 {iugulare
1554 1765 1654 1819 quid

214 1815 390 1857 occurrit
407 1835 418 1867 3
449 1817 661 1869 prohibuit
680 1820 787 1858 enim
808 1819 1156 1875 Senatufiorzs‘ultum
1175 1824 1480 1866 Macedonianum
1502 1838 1654 1868 mutuas

549 1929 606 1963 Sed
617 1928 694 1973 juffa
713 1942 812 1965 comm
828 1943 882 1965 non
893 1930 956 1977 fine
974 1932 1083 1977 conscio

550 1978 654 2019 Surgit
674 1979 794 2019 marito,
813 1977 868 2022 seu
886 1988 970 2012 vocat
987 1981 1204 2016 INSTITO
1214 1983 1254 2024 R,

599 2025 659 2056 Seu
678 2025 741 2058 NA
751 2026 831 2059 VIS
855 2026 993 2070 ffl'spanae
1011 2028 1124 2063 MAG
1135 2030 1254 2064 ISTE
1266 2031 1308 2075 R,

644 2072 831 2107 Dedecorum
850 2072 997 2118 pretiosus
1016 2076 1138 2119 empt'or.

266 2144 594 2181 senatusconsultum
610 2149 911 2199 Macedonianum]
941 2156 1017 2187 Hoc
1033 2153 1364 2191 senatusconsultum
1384 2157 1558 2192 conditum
1575 2157 1653 2202 fuit,

218 2202 256 2225 ut
286 2203 497 2227 coerceretur
516 2194 790 2231 Adolescentium
810 2200 1081 2246 intemperantia,
1120 2213 1222 2248 atque
1253 2202 1496 2239 foeneratorum
1525 2205 1654 2241 recide-

221 2248 336 2272 rentur
349 2237 494 2276 fraudes,⁴
547 2243 612 2276 Cui
633 2243 922 2280 Senatusconsulto
942 2250 1173 2282 auctoritatem
1190 2249 1311 2284 tribuit
1327 2254 1397 2287 Lex
1410 2253 1540 2286 Claudia
1555 2253 1653 2288 Clau-

220 2284 271 2318 dii
303 2286 522 2331 Imperatoris
540 2299 691 2336 ternpore
715 2291 793 2335 lata,
817 2306 883 2338 qua
902 2294 1078 2329 vetabatur
1104 2298 1277 2342 pecuniam
1299 2309 1446 2332 mutuam
1474 2298 1545 2332 dari
1572 2301 1654 2335 ado-

221 2330 423 2366 lescentibus
453 2335 485 2367 in
511 2346 653 2371 mortem
674 2341 791 2385 patris,
817 2340 879 2375 five
897 2341 1001 2376 dilata
1029 2341 1195 2378 solutione
1214 2344 1255 2378 ad
1283 2348 1383 2391 patris
1406 2355 1564 2381 mortem.
1617 2351 1654 2382 ln

1008 2391 1039 2422 K
1067 2389 1087 2423 k
1563 2396 1656 2441 cujus
