2059 2812
387 162 495 213 194
781 140 1044 192 Elementa
1078 135 1226 204 Juris
1259 137 1431 191 Civilis

451 258 512 284 11.
543 244 715 294 Emptor
731 248 896 278 tenetur
922 236 972 276 ad
991 236 1168 289 pretium
1195 236 1440 287 solvendum,
1465 236 1658 276 venditor
1675 236 1726 276 ad
1749 248 1829 277 tra-

392 305 602 346 ditionem.
659 301 780 341 Unde
813 299 991 352 sequitur
1021 309 1066 338 ut
1097 298 1233 349 pretio
1258 297 1437 337 nondum
1462 298 1608 348 soluto,
1638 298 1699 338 vel
1722 297 1829 339 stitis-

392 367 568 408 fadtione
595 366 679 406 alio
708 363 830 404 modo
859 376 941 402 non
967 360 1159 415 praestita,
1185 375 1235 400 ne
1267 359 1484 400 traditione
1504 362 1663 413 quidem
1683 375 1744 401 res
1761 362 1829 402 fiat

390 429 633 482 accipientis,
651 426 718 468 nifi
734 427 850 467 fidem
868 426 1059 479 emptoris
1075 425 1256 477 sequutus
1275 422 1320 462 fit
1333 422 1520 463 venditor
1535 434 1680 474 3--ut
1695 426 1829 478 pretio

392 507 472 532 non
493 493 632 532 oblato
663 504 735 531 nec
767 503 884 544 agere
918 499 1079 541 emptor
1098 490 1148 529 ad
1175 487 1434 528 traditionem
1461 486 1575 540 poffit
1590 500 1732 539 5—-ut
1759 505 1829 530 nec

392 555 581 595 venditor
600 557 710 595 redte
729 565 818 607 agat
838 552 886 592 ad
905 552 1228 603 consequendum
1248 551 1438 604 pretium,
1466 550 1494 589 fi
1524 550 1584 590 illi
1613 550 1739 592 obstet
1769 567 1830 591 ex-

393 617 505 670 ceptio
536 618 591 656 rei
623 615 793 662 venditae,
823 629 891 652 non
925 613 1232 664 tradztae3———ut
1264 625 1335 665 par
1366 611 1411 651 fit
1434 625 1482 651 ex
1514 611 1590 651 hoc
1621 616 1829 654 contraitu

391 679 597 730 utriusque
616 676 867 717 commodum
887 680 922 715 δι
938 675 1248 723 incommodum,
1275 680 1311 715 ὅ(
1330 674 1424 714 hinc
1441 674 1541 714 alter
1561 674 1678 715 alteri
1698 688 1831 718 tenea-

392 752 459 780 tur
477 741 596 781 etiam
619 740 668 780 ad
686 739 843 792 culpam
862 739 1004 779 levem.

451 819 513 845 12.
545 804 684 844 Casum
709 804 802 843 alias
821 803 942 842 sentit
957 803 1155 843 Dominus
1171 823 1182 853 3
1212 802 1278 842 sed
1298 802 1340 841 in
1354 802 1570 854 Einptione
1585 800 1835 852 venditione,

391 869 569 921 quamvis
587 879 677 907 ante
692 867 952 907 traditionem
966 868 1164 908 Dominus
1179 866 1224 906 sit
1242 866 1445 914 venditor,
1462 865 1685 918 periculum
1701 876 1834 906 tamen

389 935 425 970 ὅτ
443 929 695 971 commodum
715 930 774 969 rei
790 929 977 978 venditae,
1005 928 1188 982 perfeeto
1207 930 1433 976 commotu,
1462 928 1589 967 statim
1609 927 1659 967 ad
1677 937 1834 981 empto-

389 1005 476 1032 rem
494 992 643 1041 transit,
663 992 732 1033 nifi
746 990 969 1032 venditoris
986 991 1118 1040 dolus,
1134 992 1296 1044 culpave
1311 990 1448 1030 saltem
1461 989 1558 1029 levis
1578 989 1834 1041 praecefferit,

392 1054 456 1094 vel
476 1054 665 1094 venditor
684 1054 724 1093 in
747 1054 785 1093 se
804 1053 932 1093 casum
954 1053 1196 1106 susceperit;
1227 1053 1290 1092 vel
1311 1065 1371 1091 res
1391 1066 1437 1091 ex
1457 1052 1626 1103 antiquo
1645 1051 1748 1091 vitio
1767 1067 1834 1105 pe-

391 1116 533 1169 rierit3
570 1117 634 1157 vel
664 1117 837 1158 venditae
865 1115 937 1156 fint
970 1130 1032 1156 res
1068 1116 1118 1155 ad
1147 1115 1316 1168 pondus,
1354 1127 1574 1164 numerum,
1601 1113 1834 1165 mensuram,

390 1194 553 1232 quarum
572 1180 795 1233 perieulum
816 1194 899 1220 non
914 1179 1064 1228 tranfit,
1092 1179 1162 1218 nifi
1184 1182 1388 1232 postquam
1407 1191 1468 1218 res
1488 1178 1683 1230 adpenfiae,
1711 1179 1834 1218 adnu-

392 1252 567 1292 meratae,
596 1243 837 1284 admensaeve
865 1243 980 1294 sunt;
1015 1243 1078 1283 vel
1110 1242 1281 1295 denique
1312 1254 1373 1280 res
1402 1241 1452 1280 ad
1483 1241 1638 1294 gustum
1670 1241 1835 1281 vendita

391 1304 571 1344 nondum
592 1305 794 1360 degustata
815 1306 997 1359 perierit.

449 1382 465 1404 1
478 1383 510 1416 3.
542 1367 677 1409 Solent
693 1370 920 1421 Emptionis
934 1367 1178 1409 venditionis
1198 1366 1424 1408 conti-adiu}
1441 1365 1549 1406 varia
1563 1367 1676 1418 paena
1691 1365 1834 1420 adjici;

390 1430 450 1468 nti
478 1430 533 1469 est
548 1430 716 1470 Addiffio
738 1430 777 1469 in
796 1431 905 1478 diem,
933 1445 1010 1484 qua
1033 1444 1094 1470 res
1116 1433 1172 1471 ita
1191 1429 1397 1478 venditur,
1423 1439 1469 1468 ut
1487 1428 1605 1469 liceat
1626 1427 1832 1468 venditori

390 1493 599 1533 meliorem
627 1494 905 1534 conditionem
933 1495 982 1534 ab
1013 1495 1143 1533 altero
1170 1494 1275 1531 intra
1301 1502 1456 1532 certum
1481 1502 1636 1543 tempus
1655 1491 1831 1532 oblatam

390 1561 800 1607 acceptare.-—Item
822 1559 903 1595 Lex
928 1557 1180 1609 Commzffiria,
1215 1555 1377 1609 quando
1405 1555 1463 1594 ita
1497 1555 1699 1602 convenit,
1736 1565 1780 1594 ut
1806 1556 1832 1595 fi

392 1618 441 1657 ad
458 1629 607 1658 certum
627 1617 734 1657 diem
763 1621 935 1670 pretium
962 1634 1042 1660 non
1069 1619 1261 1667 solvatur,
1290 1631 1351 1658 res
1378 1617 1423 1658 fit
1453 1619 1830 1669 inempta.-—-Item

394 1678 604 1730 thraelus,
631 1679 697 1718 seu
716 1681 872 1731 paduini
901 1681 950 1721 de
983 1680 1327 1729 retrovendendo,
1356 1680 1467 1733 quod
1485 1680 1550 1720 vel
1579 1680 1635 1718 ita
1655 1681 1833 1733 concipi-

392 1753 472 1789 tur,
501 1752 546 1780 ut
569 1740 593 1780 fi
618 1742 790 1792 pretium
811 1742 918 1781 intra
937 1754 1088 1784 certum
1117 1753 1284 1794 tempus,
1313 1752 1379 1782 aut
1397 1741 1715 1794 quandocunque
1734 1743 1834 1781 offe-

392 1814 518 1851 ratur,
546 1805 717 1856 Emptor
736 1816 820 1843 rem
841 1816 1023 1844 teneatur
1044 1804 1250 1844 venditori
1270 1805 1506 1854 restituere;
1537 1803 1615 1850 vel,
1645 1812 1689 1842 ut
1716 1802 1740 1843 fi
1768 1817 1830 1844 res

391 1866 595 1913 offeratur,
615 1865 802 1905 venditor
820 1869 993 1919 pretium
1012 1878 1193 1907 teneatur
1208 1867 1414 1907 restituere
1425 1887 1437 1917 3
1467 1866 1546 1913 vel,
1564 1876 1608 1904 ut
1626 1865 1652 1904 fi
1671 1877 1831 1919 emptor

392 1928 500 1967 ultro
525 1928 570 1967 fit
601 1928 745 1968 iterum
774 1929 1024 1979 venditurus,
1067 1930 1181 1982 prior
1209 1929 1399 1969 venditor
1428 1927 1478 1967 ad
1508 1927 1716 1968 emendum
1746 1941 1830 1980 prae

393 1991 546 2033 caeteris
566 1991 815 2040 admittatur,
845 1992 954 2045 quod
974 1992 1094 2033 etiam
1126 1993 1277 2034 dicitur
1302 1993 1362 2047 jus
1389 1992 1767 2045 wastinam—Sic
1795 1997 1832 2033 ὃς

391 2055 577 2109 frequens
595 2056 664 2103 est,
692 2065 735 2095 ut
754 2069 800 2095 ex
819 2055 978 2108 praediis
998 2055 1170 2096 venditis
1197 2057 1367 2110 aliquam
1385 2055 1455 2095 fibi
1485 2054 1736 2108 particulam,
1763 2065 1833 2096 aut

393 2129 548 2160 certum
567 2120 649 2173 ejus
669 2118 778 2159 usum
799 2120 965 2172 recipiat
982 2119 1338 2161 venditor.—-Est
1356 2132 1515 2171 quoque
1533 2118 1748 2170 emptionis
1765 2134 1835 2174 ge-

394 2196 482 2231 nus,
499 2181 606 2235 quod
620 2192 763 2223 vocant
777 2191 845 2236 per
861 2182 1099 2235 Amfionem,
1119 2182 1277 2236 quando
1293 2183 1427 2222 multae
1442 2194 1502 2221 res
1521 2181 1686 2235 disparis
1704 2184 1833 2235 pretii

392 2261 475 2286 non
492 2244 690 2299 figillatim
720 2246 931 2295 aestimatae,
957 2245 1025 2285 sed
1045 2246 1291 2299 conjundtim
1314 2251 1350 2287 ὃ(
1377 2244 1487 2286 velut
1505 2244 1671 2285 confuse
1688 2255 1829 2287 taxatae

394 2314 729 2353 munnam-0112
755 2324 805 2351 eo
835 2310 958 2354 modo
986 2310 1250 2360 venditionis,
1277 2322 1364 2364 quae
1397 2318 1565 2352 vocatur
1592 2309 1737 2358 Anaia,
1764 2321 1826 2347 res

1667 2372 1823 2412 demum
