2059 2812
636 138 746 191 Lib.
780 140 844 192 II.
919 139 1014 193 Tit.
1053 141 1169 193 >Dc
1523 162 1618 212 137

194 239 448 280 habeto.‹----
462 251 498 278 2.
531 240 602 277 Per
625 240 920 289 Damnationem,
954 249 998 280 ut
1019 240 1150 281 Haeres
1178 242 1328 282 damnas
1351 240 1421 294 esto
1437 244 1524 284 dare
1543 250 1615 286 &c.

193 318 317 351 —----3.
349 306 422 341 Per
444 303 731 356 Praeceptionem,
760 314 805 341 ut
825 304 954 342 Haeres
965 304 1167 356 praecipito,
1189 305 1405 359 praecipuam
1430 322 1504 346 rem
1524 308 1617 346 acci-

184 366 267 418 pito
272 388 371 401 ------
384 378 423 412 4,
445 365 597 405 Sinendi
613 365 726 414 modo,
754 374 799 403 ut
819 365 948 404 Haeres
957 364 1068 416 finito
1087 366 1302 420 legatarium
1317 369 1460 419 stimere
1479 369 1542 409 vel
1555 368 1618 408 ha-

191 425 282 465 bere.
338 426 412 465 Sed
429 427 516 480 jure
534 441 642 466 novo
657 424 867 466 discrimen
886 439 967 466 non
986 425 1109 465 modo
1126 427 1350 480 legatorum
1368 436 1402 470 ὅ(
1417 431 1620 471 fideicom-

189 487 408 539 miffomm,
436 489 502 530 sed
526 495 560 531 ὅ(
580 488 756 542 ipsorum
775 488 996 543 legatorum
1016 501 1089 541 per
1106 489 1435 540 vindicationem,
1463 493 1619 534 damna-

189 550 356 598 tionem,
384 553 706 605 praeceptionem‚
741 558 776 593 ὃ(
810 551 959 591 finendi
992 550 1114 591 modo
1146 551 1396 604 relictorum,
1424 556 1534 608 quod
1570 557 1619 596 ad

189 616 374 656 effeetum
395 618 554 669 prorsus
572 615 767 656 sublatum
786 617 853 657 est.

244 693 283 726 4.
314 684 359 719 In
388 679 546 731 Legatis
563 678 802 730 potiffimum
822 677 1144 718 considerandum
1172 681 1239 719 est.
1304 695 1336 721 1.
1412 680 1470 719 uis
1489 681 1622 736 legare

188 741 316 793 poffit.
366 756 402 780 2.
425 744 528 794 Qae
548 753 608 779 res
621 740 782 792 poffunt
803 739 940 792 legari.
995 756 1027 789 3.
1047 740 1204 794 Qbus
1223 741 1414 792 personis,
1465 756 1504 790 4.
1524 747 1621 801 Qo

188 805 323 844 modo.
382 819 419 851 5.
448 806 544 858 Qo
565 802 710 842 effectu
729 801 856 855 legata
876 802 1164 855 relinquantur.

242 882 278 912 5.
312 870 449 921 Qum
467 877 565 917 ergo
590 879 623 904 1.
642 869 835 917 Legatum
855 863 899 903 fit
918 864 1114 904 delibatio
1133 865 1393 914 haereditatis,
1414 866 1492 919 quii
1511 868 1623 909 testa-

188 939 255 968 tor
280 929 399 969 alicui
427 928 524 982 quid
551 927 741 968 collatum
762 928 885 979 velit3
931 928 1108 981 sequitur
1136 939 1178 967 ut
1205 929 1338 984 legare
1364 936 1397 971 ὅ(
1420 930 1622 972 fideicom-

187 995 348 1032 mittere
373 991 502 1044 poffit,
532 991 599 1044 qui
619 991 748 1043 potest
765 991 913 1038 testari,
940 996 975 1031 ὅ(
995 1005 1045 1031 eo
1068 992 1155 1044 jure
1180 990 1444 1032 destituantur
1474 1006 1624 1041 omnes,

187 1055 255 1106 qui
276 1056 503 1094 testamenta
522 1054 651 1094 facere
670 1067 751 1092 non
772 1054 944 1107 poffunt.

244 1126 280 1157 6.
310 1119 458 1171 Legati
476 1119 636 1170 poffunt
657 1132 695 1156 2.
718 1131 778 1156 res
797 1131 945 1166 omneS‚
963 1131 1050 1170 quae
1069 1119 1109 1156 in
1129 1129 1262 1158 rerum
1280 1119 1425 1159 natura
1441 1119 1624 1169 existunt,

190 1180 252 1218 vel
283 1180 446 1218 existere
477 1179 651 1230 poffunt‚
680 1189 766 1218 tum
795 1180 1037 1231 corporales,
1067 1189 1151 1220 tum
1181 1180 1468 1233 incorporales,
1499 1182 1623 1221 modo

188 1243 261 1282 sint
296 1243 337 1281 in
370 1243 627 1282 commercio.
686 1244 794 1294 Ergo
821 1243 946 1296 legari
974 1243 1133 1294 possunt
1165 1256 1226 1283 res
1257 1257 1340 1284 non
1367 1243 1493 1284 solum
1523 1258 1624 1298 prae-

187 1305 329 1352 sentes,
359 1318 495 1344 verum
524 1304 644 1344 etiam
664 1304 837 1356 futurae3
875 1305 1001 1344 veluti
1021 1303 1173 1345 fructus
1199 1305 1241 1343 in
1270 1305 1398 1347 fundo
1417 1308 1619 1349 nascituri.

186 1386 230 1394 -
242 1367 387 1421 Legari
406 1368 565 1420 poffunt
583 1381 664 1406 non
684 1367 810 1407 solum
832 1367 1007 1420 propriae
1026 1367 1222 1408 testatoris
1241 1380 1316 1417 reS‚
1345 1369 1412 1409 sed
1430 1376 1467 1411 ὃ(
1485 1369 1622 1410 alienae

187 1446 236 1471 eo
256 1431 415 1478 effectu,
448 1440 491 1469 ut
510 1429 633 1470 haeres
651 1439 721 1468 aut
745 1444 806 1468 eas
834 1430 1017 1477 redimat,
1045 1440 1127 1478 aut,
1154 1429 1181 1468 fi
1200 1443 1283 1470 non
1303 1431 1432 1484 poffit,
1461 1432 1622 1473 aestima-

185 1494 338 1533 tionem
353 1493 507 1546 praestet
525 1491 697 1531 arbitrio
709 1490 873 1544 judicis;
904 1490 973 1531 nisi
990 1493 1155 1532 testator
1173 1505 1236 1531 eas
1253 1493 1330 1532 effe
1348 1493 1493 1534 alienas
1506 1494 1623 1549 igno-

188 1557 336 1596 raverit
353 1577 361 1585 ·
404 1554 614 1608 probabile
632 1555 739 1594 enim
757 1556 825 1604 est,
853 1553 963 1607 quod
983 1568 1064 1594 non
1084 1554 1258 1609 legass'et,
1286 1554 1313 1594 fi
1332 1555 1504 1596 sciviffet
1528 1555 1622 1596 alie-

350 1590 361 1608 5

187 1632 278 1659 nam
296 1631 380 1659 rem
400 1617 490 1660 esse.
502 1639 567 1645 -ν
579 1620 674 1660 Non
695 1617 857 1670 poffunt
874 1616 1000 1669 legari
1019 1617 1167 1658 eaedem
1187 1629 1262 1666 res,
1290 1631 1378 1670 quae
1395 1618 1491 1660 vivo
1510 1619 1623 1660 testa-

522 1729 547 1760 S
554 1729 584 1762 V
587 1728 631 1762 M
637 1729 678 1769 E,
706 1729 810 1769 Pater,
836 1726 923 1773 (nam
943 1736 973 1760 te
991 1727 1080 1761 voluit
1098 1727 1168 1761 Rex
1185 1738 1312 1771 magnus
1328 1729 1450 1776 Olympi

522 1775 648 1808 Talibus
665 1775 799 1819 auspiciis
816 1773 960 1819 exsortem
977 1774 1082 1807 ducere
1099 1773 1248 1819 honorem)

523 1821 611 1867 Ipfius
624 1820 758 1866 Anchise
779 1822 897 1865 longaevi
911 1822 960 1854 hoc
975 1832 1079 1854 munus
1094 1822 1164 1855 HA
1174 1822 1236 1855 BE
1245 1822 1272 1855 Β
1282 1823 1347 1856 IS.-

519 1870 648 1903 Cratera
664 1866 826 1912 impressum
835 1868 941 1914 signis,
966 1878 1053 1912 quem
1073 1867 1219 1901 Thracius
1238 1869 1309 1901 olim

523 1914 654 1960 Anchific
670 1916 803 1960 genitori
829 1917 861 1949 in
887 1925 994 1959 magno
1015 1925 1138 1948 munere
1155 1913 1266 1958 Cisseus

517 1964 602 1996 Ferre
611 1961 662 2006 sui
679 1963 802 1996 dederat
819 1971 1038 1996 monumentum
1061 1959 1099 1995 ἴθ’
1110 1962 1220 2006 pignus
1237 1962 1357 1995 amoris.
1418 1970 1420 1972 ’

192 2009 243 2044 Ad
265 2021 337 2057 quae
353 2007 452 2044 verba
475 2008 609 2043 Servius
627 2008 824 2043 Scholiastes
943 2009 1046 2050 Sume,
1073 2008 1199 2054 inquit,
1219 2009 1349 2052 percipe.
1402 2010 1485 2043 Nam
1502 2009 1620 2045 verbum

191 2057 229 2102 est
244 2055 521 2102 Jureconfiiltorum
546 2068 603 2101 quo
618 2065 755 2098 utuntur,
782 2054 906 2100 quoties*
918 2059 1052 2100 legatum
1068 2066 1122 2089 nam
1138 2056 1176 2089 ab
1192 2055 1304 2090 herede
1321 2055 1424 2099 datur,
1441 2055 1498 2100 sed
1521 2055 1560 2102 est
1586 2058 1617 2090 in

192 2105 363 2147 accipientis
379 2104 514 2146 arbitrio,
538 2104 569 2137 ici
586 2102 634 2149 est,
660 2104 881 2144 vindicationis,
906 2105 954 2137 vel
972 2103 1105 2146 optionis.

240 2182 304 2214 Per
321 2181 597 2228 praeceptionem]
642 2180 730 2215 Plin.
751 2181 828 2215 Lib.
843 2180 886 2215 V.
912 2183 972 2227 Ep.
992 2193 1023 2218 7.
1132 2182 1342 2215 -Saturninus
1364 2190 1476 2223 autem,
1501 2182 1550 2224 qui
1565 2191 1618 2213 nos

194 2229 317 2273 reliquit
341 2230 475 2270 heredes,
509 2231 706 2274 quadrantem
734 2230 906 2273 Reipublicae
936 2227 1042 2270 nostra,
1067 2229 1171 2263 deinde
1194 2238 1248 2273 pro
1277 2227 1464 2278 erame
1491 2229 1517 2261 P
1525 2226 1616 2281 1<AE-

194 2276 257 2310 CE
268 2274 357 2310 PTI
364 2276 437 2310 ΟΝ
442 2277 469 2310 Ε
479 2276 525 2309 M
557 2277 837 2321 quadringentorum
855 2276 977 2310 millium
995 2276 1085 2326 dedit.
1557 2276 1563 2282 ¹
1579 2302 1587 2308 .
1601 2293 1615 2317 χ

952 2362 976 2398 S
1533 2369 1622 2399 tore
