2059 2812
634 137 744 190 Lib.
775 139 866 191 Ill.
941 139 1037 191 Tit.
1065 141 1154 193 XI.
1507 163 1600 213 159

715 240 761 288 T
799 255 821 290 1
861 255 911 290 T.
983 242 1073 291 XI.

395 334 476 384 De
502 334 837 402 Adquifitione
862 351 956 405 per
979 339 1375 404 Arrogationem.

233 445 267 472 1.
298 430 482 482 Sequitur
501 434 644 472 tertius
665 432 806 472 modus
822 434 1055 486 acquirendi
1072 449 1145 488 per
1164 437 1471 489 universitatem,
1500 440 1603 481 scili-

174 504 235 536 cet
260 496 466 548 Arrogatio.
522 500 624 539 Nam
648 511 737 537 cum
763 497 850 550 quis
877 498 914 537 st:
938 499 1006 538 dat
1034 500 1319 554 arrogandum,
1356 518 1443 544 cum
1472 507 1601 558 capite

173 571 331 597 omnem
351 557 568 608 fortunam,
597 560 809 612 omnesque
836 573 897 600 res
923 562 1006 601 suas
1033 563 1072 602 in
1099 565 1333 615 potestatem
1359 569 1394 607 ὅ(
1411 566 1600 608 familiam

171 623 416 674 arrogatoris
447 624 663 675 transfert3
707 623 807 664 adeo
840 634 883 663 ut
914 626 1033 665 etiam
1067 626 1258 679 pofl³essio‚
1289 634 1325 670 ἃ
1356 631 1529 682 nomina,
1565 638 1599 674 ἃ

171 685 348 725 actiones
366 688 593 741 arrogatori
614 687 698 740 ipso
716 688 802 741 jure
821 689 1092 740 acquirantur.

225 755 263 779 2.
295 740 432 781 Hodie
451 751 582 780 tamen
600 746 716 781 Pater
734 746 974 795 Arrogator,
1003 754 1047 782 ut
1073 745 1277 796 naturalis,
1311 747 1599 790 usumfructum

170 810 318 842 tantum
339 803 656 843 adventitiorum
675 805 945 857 consequitur,
973 813 1008 848 ὅ(
1026 808 1112 859 post
1135 807 1283 848 liberos
1310 815 1345 851 ἃ
1369 810 1511 850 fratres
1530 811 1596 850 de-

168 861 306 902 functo
324 865 408 904 filio
427 864 616 906 succedit.

708 942 752 989 T
791 956 811 989 1
851 958 900 990 τ.
975 944 1090 992 XII.

166 1030 247 1082 De
282 1034 374 1094 Eo,
422 1034 511 1086 Cui
540 1036 814 1089 Libertatis
856 1024 1213 1107 Conservandae
1252 1041 1410 1109 Causa
1452 1044 1593 1096 Bona

233 1108 567 1160 Addicuntur.

224 1220 257 1243 1.
288 1208 467 1259 Qrtus
496 1204 637 1243 modus
665 1205 892 1259 acquirendi
919 1219 990 1258 per
1015 1206 1309 1248 universitatem
1337 1223 1383 1248 ex
1405 1214 1593 1268 constitu·-

165 1267 278 1307 tione
295 1268 393 1306 Divi
408 1267 535 1307 Marci
556 1268 609 1306 est
629 1268 796 1308 Addifflo
819 1269 983 1308 honorum
1002 1269 1187 1310 libertatis
1207 1273 1450 1324 conservandae
1469 1278 1587 1328 causa.

163 1334 264 1373 Nam
284 1330 309 1369 fi
333 1329 411 1378 illi,
435 1330 503 1381 qui
522 1329 750 1370 libertatem
772 1346 793 1370 a
808 1333 989 1373 Domino
1017 1333 1059 1371 in
1087 1335 1319 1374 testamento
1341 1349 1592 1389 acceperunt,

164 1408 210 1433 ex
229 1406 308 1445 quo
326 1406 408 1431 non
424 1392 529 1431 adita
548 1393 601 1431 est
621 1392 842 1442 haeredstas,
869 1395 995 1435 velint
1019 1395 1122 1436 bona
1143 1396 1212 1436 fibi
1232 1396 1379 1446 addici,
1407 1409 1450 1438 ut
1469 1400 1593 1441 liber-

163 1467 261 1495 tates
289 1455 584 1503 conserventur,
612 1457 783 1508 praestita
810 1457 955 1497 idonea
979 1459 1162 1500 cautione
1185 1459 1234 1499 de
1263 1459 1393 1501 solido
1417 1465 1591 1504 credito-

164 1519 269 1558 ribus
300 1516 562 1556 haereditariis
595 1516 800 1567 solvendo,
829 1519 1070 1559 audiuntur:
1112 1525 1147 1560 ὅ(
1178 1521 1271 1562 licet
1298 1536 1372 1560 nec
1400 1523 1589 1575 haeredes,

162 1595 233 1622 nec
251 1581 445 1621 bonorum
466 1579 701 1620 successores
723 1581 793 1620 fint
806 1609 818 1630 ‚
855 1591 983 1621 tamen
1004 1592 1188 1634 tanquam
1207 1582 1380 1624 haeredes
1404 1588 1593 1630 Praetorii

161 1643 324 1683 utilibus
344 1641 564 1684 actionibus
583 1656 603 1681 a
623 1644 889 1684 creditoribus
909 1644 1117 1685 conveniri
1139 1647 1313 1698 possunt.

162 1751 275 1797 nefiaesti.
328 1752 476 1795 Tempus
489 1753 562 1785 utile
578 1751 634 1794 est,
657 1752 792 1796 quando
808 1753 831 1785 ii
850 1762 980 1786 tantum
998 1764 1216 1788 numerantur
1232 1753 1317 1798 dies,
1344 1756 1466 1804 quibus
1480 1759 1586 1804 judex

163 1800 210 1832 sui
229 1798 361 1843 copiam
380 1796 473 1838 facit,
502 1801 537 1832 ὃς
558 1799 611 1843 jus
639 1798 737 1839 dicit,
773 1799 963 1845 quibusque
991 1802 1042 1843 agi
1064 1801 1114 1834 vel
1141 1802 1209 1847 peti
1240 1805 1360 1847 potuit.
1411 1806 1513 1840 Unde
1542 1820 1585 1841 ex

161 1857 249 1878 anno
267 1842 341 1877 utili
361 1855 426 1876 non
457 1844 557 1877 modo
579 1844 651 1878 dies
670 1845 782 1879 nefasti
809 1847 1013 1889 eximuntur,
1041 1860 1153 1882 verum
1175 1849 1276 1882 etiam
1303 1851 1343 1893 ii,
1368 1851 1488 1897 quibus
1509 1856 1584 1900 quis

160 1903 201 1926 cx
218 1891 404 1935 ignorantia
421 1891 467 1923 rei
485 1902 592 1934 agere,
617 1891 668 1926 vel
684 1902 797 1939 petere
817 1905 881 1926 non
899 1895 1024 1939 potuit.

302 1990 466 2057 JUS
496 1992 687 2042 ANG
706 1993 753 2044 L
771 1993 1146 2047 [CANUM.
1170 1998 1232 2048 ad
1251 1999 1431 2049 Tit.X.

206 2100 388 2141 Bonorum,
406 2111 478 2145 quae
497 2113 556 2134 nos
573 2112 732 2134 CATALLA
751 2099 908 2142 dicimus,
926 2100 1151 2147 posseffionem
1171 2102 1348 2138 secundum
1366 2104 1492 2139 tabulas
1508 2106 1578 2149 dat,

160 2156 216 2178 aut
238 2145 351 2179 saltem
364 2157 467 2187 *antea
486 2158 614 2193 captam
632 2147 811 2181 confirmat
825 2147 936 2194 Judex
955 2147 1198 2184 Ecclesiasticus
1224 2150 1311 2198 apud
1335 2164 1405 2194 nos,
1432 2154 1490 2199 qui
1510 2153 1577 2188 Ioci

159 2192 204 2225 est
221 2191 431 2235 Ordinarius,
457 2193 690 2229 executoribus
707 2192 864 2228 nimirum
879 2194 1049 2229 defuncti:
1077 2196 1123 2230 sin
1141 2196 1236 2231 nullae
1254 2198 1372 2233 tabulae
1389 2202 1579 2241 extiterint,

158 2238 480 2276 administrationem
498 2242 604 2277 viduae
620 2241 785 2286 defuncti,
811 2242 863 2277 vel
881 2243 1040 2291 proximis
1055 2245 1304 2289 consanguineis
1320 2245 1488 2281 coneedit.

1376 2347 1568 2397 TIT.
