2059 2812
700 151 813 205 Lib.
843 152 881 205 I.
956 151 1052 206 Tit.
1084 153 1149 205 II.
1577 172 1644 218 15

210 268 279 301 QVI
306 264 542 292 POTESTATEM
568 264 710 287 HARENT
733 265 1030 295 INTERCEDENDl',
1059 264 1298 288 IJAPEDIENDI
1324 265 1460 289 MORAM
1479 265 1639 291 AFFERRE

209 315 412 343 OPORTERE,
455 311 656 344 QVOMINVS
691 312 735 334 DE
765 313 966 335 REPVBLICA
1002 312 1268 344 QVAMPRIMVM
1301 314 1348 336 AD
1383 313 1553 337 SENATVM
1580 315 1642 336 RE·

211 363 334 392 FERRI,
362 361 486 392 S·QC·
518 359 626 382 FIERI
656 358 798 388 POSSIT,
826 358 894 389 QVI
923 358 1159 382 lMPEDIERIT
1188 360 1263 382 EVM
1289 360 1462 384 SENATVM
1490 359 1643 384 EXISTI—

209 409 305 433 MARE
333 408 478 431 CONTRA
511 405 778 429 REMPVELICAM
807 405 968 428 FECISSE.
1027 405 1063 428 SI
1093 405 1184 436 QVIS
1212 407 1304 430 HVIC
1330 408 1357 430 S.
1381 408 1412 430 C.
1444 407 1643 431 INTERCEs·

209 456 316 479 SERIT
354 454 512 478 SENATVI
550 453 704 476 PLACERE
738 452 1031 476 AVCTORITATEM
1065 453 1257 475 PERSCRIM
1295 454 1339 475 ET
1375 455 1418 477 DE
1455 455 1497 477 EA
1524 455 1566 478 RE
1595 457 1641 479 AD

206 503 375 526 SENATVM
408 500 647 532 POPVLVMQVE
675 499 844 522 REFERRI.
906 499 998 523 HVIC
1025 499 1051 521 S·
1071 500 1103 522 C.
1135 500 1380 524 INTERCESSIT
1407 501 1438 523 C.
1468 501 1642 536 COELIVS,

212 551 242 572 1..
265 549 463 574 VICINIVS.
493 550 520 572 P.
541 546 761 572 CORNELIVS·
789 546 962 571 &VIBIVS
989 547 1111 570 PANSA.

255 630 452 666 Addebatur
470 635 506 667 &
523 645 555 666 T.
572 631 700 673 Lirem,
727 641 791 672 qua
808 628 1054 673 significaretur
1072 627 1162 663 idem
1181 633 1217 665 &
1237 628 1409 664 Tribunos
1435 628 1542 676 plebis
1564 642 1644 665 cen-

206 677 314 722 suille,
342 679 406 714 five
424 687 489 713 non
512 677 576 713 esse
599 675 832 717 inte1·ceffum;
868 676 1018 723 ideoque
1048 688 1116 712 s.c.
1148 677 1281 711 firmum
1301 676 1377 711 esse.
1433 680 1561 712 Eorum
1582 679 1643 725 qni

206 724 345 760 aderant
369 729 506 761 nomina
537 738 609 760 s.e.
643 723 929 766 adscribebantur,
967 724 1233 770 dicebanturque
1260 736 1536 760 AveTORITATEs
1561 738 1643 760 PER-

206 784 396 815 SCRIPTAE3
425 775 505 820 quia
523 772 691 807 clarorum
714 773 861 806 virorum
882 774 1017 806 nomina
1037 769 1218 818 perscripta
1239 783 1390 815 magnam
1417 784 1441 806 5.
1459 784 1490 806 e.
1514 771 1644 807 tribue-

196 819 287 854 'bant
308 822 563 854 Auctoritatem.
616 820 786 864 Scriptum
814 831 841 853 s.
859 831 891 854 C.
926 819 1024 853 initio
1051 818 1191 867 quidem
1221 817 1436 853 deferebatur
1459 821 1494 853 in
1516 819 1643 854 AEdem

206 868 362 909 Cereris;
389 869 499 915 postea
521 879 598 901 vero
618 869 651 901 in
671 868 852 909 AErarium,
878 866 934 901 ubi
955 867 1058 911 leges,
1086 870 1122 901 δε
1143 866 1370 913 pretioslffima
1389 878 1534 913 quaeque
1553 866 1643 901 urbis

205 914 463 949 affervabantur:
503 926 612 961 neque
635 926 712 948 ante
737 923 846 948 ratum
874 925 957 955 erat,
983 927 1084 960 quam
1114 915 1146 947 in
1170 916 1285 947 :erario
1301 911 1518 948 conderetur.
1569 913 1643 960 Qi

205 974 277 995 mos
293 961 475 996 affervandi
499 974 526 996 s.
549 974 580 995 e.
604 962 770 995 institutus
790 960 856 994 fuit
873 960 915 994 ab
929 962 1088 1003 Horatio,
1106 960 1311 1006 Valerioque
1322 960 1408 995 Coss.
1434 962 1493 1007 qui
1509 971 1537 995 s.
1555 972 1587 995 c.
1604 963 1641 995 in

206 1007 327 1043 AEdem
338 1010 470 1043 Cereris
483 1007 606 1043 deferri
623 1008 789 1054 jusserunt
804 1024 814 1049 ;
843 1020 882 1042 ne
900 1007 1073 1054 deinceps,
1099 1007 1239 1042 arbitrio
1253 1007 1448 1050 Consulum,
1479 1017 1517 1041 ut
1531 1018 1642 1053 antea,

205 1066 504 1103 corrumperentur
521 1065 581 1090 aut
601 1055 876 1089 subducerentur.
913 1054 1107 1089 Scribendis
1124 1067 1151 1089 s.
1169 1067 1200 1089 c.
1217 1067 1354 1102 operam
1369 1054 1499 1089 dabant
1516 1054 1642 1100 scribae,

206 1102 267 1136 nisi
287 1103 370 1150 quid
386 1117 412 1139 s.
432 1116 462 1138 e.
486 1102 614 1145 ineffet,
642 1102 735 1149 quod
753 1103 880 1147 vulgari
896 1104 1037 1136 minime
1055 1104 1248 1137 conveniret
1265 1115 1271 1136 t
1298 1101 1332 1136 id
1350 1104 1440 1136 enim
1457 1113 1525 1136 tum
1541 1104 1644 1136 Sena-

206 1151 290 1183 toris
309 1164 407 1185 manu
426 1149 643 1191 scribebatur,
669 1149 761 1193 quod
775 1162 949 1184 TAcrrvm
974 1163 998 1183 5.
1019 1162 1047 1183 c.
1072 1149 1136 1183 fuit
1154 1149 1370 1198 appellatum.
1423 1148 1644 1184 Senatuscon-

206 1194 299 1229 sultis
320 1196 540 1230 conficiendis
558 1193 802 1239 impedimento
820 1204 915 1227 erant
932 1196 1179 1229 Interceffiones
1203 1209 1333 1238 eorum,
1360 1198 1419 1244 qui
1446 1196 1497 1230 vel
1523 1196 1642 1231 efidem

206 1241 311 1276 effent
326 1243 501 1290 potestate,
526 1241 591 1285 qu&
608 1242 642 1282 ii,
671 1242 731 1286 qui
754 1253 778 1273 5.
799 1253 827 1273 c.
856 1240 964 1275 facere
982 1240 1118 1283 vellent,
1143 1241 1194 1274 vel
1212 1243 1350 1287 majore.
1403 1242 1506 1275 Unde
1519 1242 1643 1278 Consul

207 1287 358 1331 consuli,
382 1291 506 1323 Praetor
520 1287 658 1321 Praetori
676 1302 687 1326 ;
725 1298 765 1319 ac
783 1285 929 1331 denique
951 1287 1095 1320 Tribuni
1120 1287 1226 1331 plebis
1245 1300 1305 1333 pro
1324 1288 1483 1334 potestate
1506 1287 1564 1322 fibi
1584 1290 1643 1323 Sa-

206 1335 296 1371 cratz'i
308 1336 381 1381 lege
395 1334 535 1376 tributa,
553 1334 703 1379 quamvis
721 1345 763 1366 ex
776 1332 960 1367 minoribus
978 1332 1359 1376 effentMagistratibus,
1376 1334 1530 1369 obfistere
1547 1346 1644 1381 pote-

206 1393 278 1418 rant
295 1383 450 1418 omnibus
467 1380 559 1415 edita
575 1392 655 1414 voce
675 1392 790 1421 verro,
810 1381 856 1414 ita
872 1389 908 1414 ut
925 1379 975 1413 vel
993 1380 1032 1414 ab
1053 1392 1118 1413 uno
1135 1379 1383 1422 Tribunorum,
1409 1384 1565 1427 quamvis
1580 1394 1643 1416 cae-

205 1431 269 1466 teri
288 1430 528 1471 consentirent,
551 1440 575 1462 5.
591 1440 619 1461 c.
645 1426 880 1473 impediretur,
904 1439 941 1460 ac
960 1437 1031 1461 tum
1046 1428 1184 1461 Senatus
1201 1426 1353 1461 voluntas
1371 1426 1552 1474 perscripta
1566 1440 1644 1464 eum

205 1478 399 1513 nominibus
411 1489 540 1518 eorum,
559 1475 619 1522 qui
633 1475 1047 1517 intervenirent,SENATvs
1065 1487 1299 1509 AVCTORITAS
1314 1473 1503 1517 dicebatur,
1524 1474 1644 1523 resque

206 1525 422 1570 rejiciebatur
436 1524 477 1558 ad
497 1522 672 1570 populum,
698 1522 792 1567 cujus
808 1532 879 1556 erat
900 1521 950 1555 vel
964 1522 1196 1556 Tribunorum
1212 1521 1492 1564 Interceffionem,
1519 1523 1570 1557 vel
1587 1525 1644 1558 Se-

206 1582 303 1607 natus
317 1573 560 1608 Auctoritatem
575 1568 810 1615 comprobare.
862 1567 965 1614 Qod
987 1568 1008 1602 fi
1029 1571 1166 1604 Senatus
1190 1581 1263 1603 cum
1281 1569 1409 1616 populo
1434 1571 1642 1614 conveniret,

206 1630 277 1655 turn
296 1620 384 1664 leges
398 1632 438 1653 ex
461 1631 484 1652 s.
503 1630 531 1652 c.
560 1615 806 1651 condebantur.
859 1619 941 1651 Nec
955 1628 1081 1659 tamen,
1108 1616 1130 1650 fi
1150 1619 1208 1663 qui
1227 1618 1355 1651 temere
1377 1616 1640 1660 intercederent,

205 1667 241 1701 id
260 1669 307 1702 eis
326 1676 399 1702 erat
418 1668 573 1713 impune3
593 1676 669 1698 cum
687 1665 776 1699 enim
791 1663 980 1700 Interceffio
999 1666 1032 1699 in
1048 1677 1118 1698 rem
1135 1677 1200 1698 non
1217 1663 1298 1697 effet
1316 1664 1496 1709 publicam,
1516 1674 1573 1698 aut
1592 1678 1642 1699 re-

205 1717 342 1750 mittere
361 1713 565 1758 cogebantur
583 1724 669 1754 eam,
695 1722 754 1746 aut
780 1724 914 1758 poenam
935 1711 1117 1759 aliquando
1137 1711 1257 1745 subire.
1310 1713 1341 1745 Si
1360 1724 1424 1758 qua
1443 1723 1521 1745 vero
1546 1711 1586 1745 de
1606 1724 1642 1747 re

204 1765 333 1810 privata
358 1775 383 1796 5.
401 1774 429 1795 c.
454 1758 729 1801 conscriberetur,
756 1758 838 1806 saepe
856 1761 993 1793 Senatus
1010 1772 1205 1794 DECRETVM
1234 1758 1474 1806 appellabatur,
1498 1770 1574 1792 cum
1593 1760 1641 1802 id,

205 1823 274 1857 quo
289 1809 421 1857 publica
442 1808 578 1851 negotia
595 1806 979 1853 comprehendebantur,
1006 1819 1176 1853 nunquam
1193 1809 1389 1848 Decretum,
1409 1806 1463 1840 sed
1488 1818 1511 1839 s.
1531 1818 1559 1839 c.
1588 1806 1643 1840 di-

204 1868 346 1892 ceretur.
397 1857 535 1890 Paetum
558 1866 581 1887 5.
599 1866 627 1887 e.
646 1853 873 1897 recitabatur,
899 1866 937 1888 ac
955 1854 1065 1900 postea
1083 1853 1322 1888 dimittebatur
1337 1855 1476 1887 Senatus
1499 1852 1549 1887 his
1573 1853 1642 1887 for-

204 1904 316 1939 mulis.
344 1917 373 1938 r.
395 1916 426 1938 c.
452 1914 556 1937 NEMO
584 1913 650 1936 vos
676 1914 812 1936 TENET:
849 1901 898 1936 vel
926 1913 1044 1936 NIHIL
1071 1913 1136 1937 vos
1165 1914 1306 1936 MOROR.
1336 1914 1365 1935 1¹.
1392 1913 1424 1935 e.
1485 1901 1641 1935 Tandem

206 1954 384 1998 impetrata
410 1951 573 1985 concione
594 1962 617 1982 5.
637 1960 664 1982 c.
694 1949 821 1995 populo
847 1947 1079 1990 exhibebatur,
1114 1958 1151 1981 ut
1175 1948 1289 1995 populi
1316 1946 1474 1982 consensu
1499 1948 1641 1982 Senatus

207 1998 355 2033 voluntas
374 1996 664 2043 comprobaretur.
703 1995 878 2043 Siquidem
895 1999 949 2030 vix
972 1995 1037 2029 ulla
1052 1995 1094 2029 de
1113 2007 1146 2028 re
1160 1998 1296 2031 Senatus
1311 1994 1489 2028 decernere
1507 2005 1644 2041 poterat

207 2045 357 2080 adversus
375 2044 488 2092 populi
508 2043 726 2078 voluntatem.
780 2045 823 2076 Et
837 2056 912 2078 curn
933 2045 1032 2077 initio
1051 2042 1140 2077 nulla
1157 2043 1199 2078 de
1221 2056 1254 2076 re
1276 2042 1392 2075 liceret
1414 2041 1454 2076 ad
1479 2046 1641 2089 populum

207 2091 299 2136 ferri,
326 2092 385 2127 nifi
407 2105 448 2126 ex
468 2105 493 2126 5.
512 2104 542 2126 c.
569 2089 851 2136 consequentibus
874 2091 1082 2137 temporibus
1099 2090 1385 2136 perTribunicias
1399 2088 1581 2124 seditiones
1604 2094 1641 2124 &

208 2138 380 2174 diuturnas
408 2141 496 2174 inter
522 2138 652 2184 plebem
671 2142 708 2173 ὃς
727 2139 887 2173 Senatum
910 2139 1178 2172 conflictationes
1205 2150 1255 2171 res
1284 2141 1325 2170 et>
1351 2136 1497 2186 deducta
1519 2137 1575 2178 est,
1603 2146 1640 2169 ut

209 2199 233 2220 5.
252 2198 280 2220 c.
306 2199 372 2220 non
390 2186 448 2220 nifi
473 2186 628 2234 adjuncta
650 2185 723 2228 lege
742 2185 939 2220 consisteret.
993 2184 1123 2219 Eodem
1142 2188 1209 2219 ritu
1224 2185 1327 2219 etiam
1347 2183 1403 2217 iub
1422 2183 1640 2229 Imperatori-

208 2233 269 2267 bus
289 2233 426 2267 condita
440 2233 512 2268 sunt
530 2246 553 2267 5,
575 2245 604 2266 c.
634 2232 692 2266 nifi
720 2232 812 2280 quod
831 2234 987 2280 Princeps
1010 2233 1199 2267 orationem
1228 2232 1460 2279 praemitteret,
1487 2234 1522 2265 δε
1539 2230 1640 2263 Senaa

208 2289 298 2315 tores
313 2279 509 2328 plerumque
527 2280 666 2328 pedibus
680 2282 770 2316 irent
784 2282 818 2316 in
838 2282 1004 2330 Principis
1025 2282 1247 2316 Sententiam.

1229 2425 1290 2459 13,
1321 2409 1637 2450 CONSTlTvTIO
