2059 2812
418 145 480 207 38
824 134 1088 188 Elementa
1118 136 1265 204 Jurbs
1292 139 1461 191 Civilbs

468 254 532 286 17.
563 234 787 278 consensus
801 245 934 276 autem
949 237 1102 276 constat
1121 237 1395 278 1.Intelle<‘.‘tu.
1428 239 1704 282 2.Voluntate.
1735 242 1857 283 Unde

409 312 518 345 certa
538 301 675 355 regula
694 301 764 348 est,
791 302 896 355 Qae
924 299 1078 342 obstant
1099 301 1162 342 vel
1191 300 1438 351 Intellectui‚
1465 312 1510 343 ut
1530 306 1659 345 Error
1677 305 1859 346 Substan-

407 368 528 415 tialis,
557 365 702 414 Dolus,
732 367 946 419 Amentia,·
979 366 1043 407 vel
1063 366 1289 418 Voluntati,
1317 377 1361 407 ut
1381 368 1466 417 Vis,
1495 369 1696 424 metusque
1716 371 1860 427 major,

406 438 441 474 ὅ(
458 430 692 473 consensum
710 436 746 472 ὅ(
760 431 1064 473 Matrimonium
1084 432 1241 472 vitiare.

463 511 478 534 1
491 501 525 537 8.
556 497 627 551 Jus
639 493 773 536 Civile
791 508 932 535 eorum
949 505 1156 548 parentum
1177 492 1410 534 consensum
1426 495 1614 548 requirit,
1633 498 1674 538 in
1688 512 1856 553 quorum

403 559 603 613 potestate
623 557 712 598 sunt
733 557 900 609 Liberi;
934 562 1052 599 Hunc
1082 570 1181 599 vero
1203 556 1436 601 consensum
1466 560 1638 612 requirit
1666 561 1857 602 naturalis

404 635 514 676 aeque
533 635 578 661 ac
597 620 728 661 civilis
748 619 891 660 Ratio.

463 699 524 731 19.
560 684 602 723 Si
621 682 804 724 adversus
824 696 869 722 ea
896 696 985 736 quae
1005 682 1175 725 diximus
1207 684 1334 737 aliqui
1356 686 1549 736 coierint,
1577 700 1650 727 nec
1668 687 1757 736 Vir,
1784 700 1855 728 nec

402 754 538 798 Uxor,
566 763 638 790 nec
656 749 821 802 Nuptiae
843 762 915 789 nec
931 749 1237 790 Matrimonium
1257 762 1330 790 nec
1350 751 1439 790 Dos
1456 751 1717 806 intelligitur.
1775 756 1855 792 Ita-

401 826 477 866 que
493 813 537 862 ii,
567 813 635 867 qui
654 826 702 852 ex
721 812 793 853 tali
812 814 926 852 coitu
942 812 1169 863 nascuntur,
1190 812 1287 854 tales
1306 813 1410 864 sunt,
1432 815 1564 869 quales
1584 815 1675 856 sunt
1695 816 1739 865 ii,
1755 829 1855 869 quos

400 887 526 919 mater
541 876 665 930 vulgo
685 876 883 930 concepit.
940 880 1044 919 Nam.
1063 892 1137 918 nec
1158 877 1200 918 hi
1220 887 1376 932 patrem
1393 879 1540 920 habere
1556 879 1854 934 intelliguntur,

399 955 524 995 quum
552 948 587 985 ὅ(
607 942 655 982 iis
676 947 794 984 Pater
816 943 990 984 incertus
1011 943 1068 992 fit,
1101 945 1206 985 unde
1234 945 1363 984 solent
1385 959 1524 986 SPVRII
1546 945 1738 1000 appellari
1757 945 1853 1001 τῆς

398 1006 448 1052 τήν
466 1009 600 1059 πορρὶν,
629 1013 665 1050 &
683 1008 847 1062 ἀποέπρες,
876 1006 982 1060 quafi
996 1006 1074 1048 line
1094 1021 1207 1063 patre
1227 1009 1315 1049 filii.

444 1118 570 1153 Eorum
582 1119 763 1153 Parentum
782 1114 976 1152 consensum
993 1116 1155 1165 requirit]
1200 1119 1342 1153 Terent.
1364 1120 1399 1153 in
1420 1118 1562 1165 Adelph.
1585 1121 1701 1166 A&.4.
1720 1120 1771 1154 Sc.
1793 1133 1824 1166 5.

733 1163 816 1213 Qi
834 1168 951 1199 ratione
968 1165 1037 1209 {stuc
1054 1170 1066 1198 ?
1093 1165 1177 1211 Qis
1199 1167 1368 1209 despondit?
1396 1167 1481 1213 Qu
1499 1169 1606 1200 dedit?

735 1214 806 1252 Cui,
832 1213 951 1255 quando
967 1211 1060 1256 nupfit
1074 1215 1087 1243 ἔ
1113 1213 1223 1244 Auster
1240 1213 1281 1244 his
1297 1213 1378 1245 rebus
1395 1213 1480 1260 Qu
1498 1212 1560 1256 est?

444 1262 552 1308 Qafi
574 1263 641 1300 fine
659 1265 759 1300 Patre
780 1263 861 1299 Filii
879 1263 892 1310 ]
926 1264 995 1299 Soli
1015 1264 1111 1299 liberi
1130 1277 1170 1298 ex
1193 1264 1287 1310 justis
1313 1268 1441 1311 nuptiis
1469 1268 1538 1300 nati
1568 1266 1602 1300 in
1623 1266 1732 1314 patria
1749 1278 1845 1302 erant

393 1311 574 1359 potestate,
601 1316 638 1348 &
659 1312 738 1346 hinc
754 1311 959 1346 vocabantur
980 1323 1178 1346 LEGITIMI·
1233 1310 1376 1358 Reliqui
1402 1325 1520 1347 omnes
1547 1326 1773 1350 uram-rna
1795 1315 1846 1349 di-

393 1357 572 1401 cebantur,
598 1363 635 1394 &
655 1371 673 1393 a
702 1357 819 1406 priscis
838 1359 1003 1393 Romanis
1021 1357 1150 1393 duabus
1179 1359 1305 1393 Literis
1334 1371 1407 1394 s.1›.
1439 1359 1557 1404 signari
1577 1360 1738 1405 solebant,
1766 1365 1844 1409 quia

394 1417 490 1440 erant
511 1415 594 1442 SINE
616 1418 740 1442 PATRE.
793 1405 992 1453 Exemplum
1016 1405 1148 1450 elegans
1168 1405 1265 1452 hujus
1289 1408 1392 1442 moris
1411 1408 1517 1442 exstat
1534 1408 1622 1455 apud
1641 1411 1769 1445 Gruteri
1789 1412 1845 1444 In-

394 1451 607 1501 scriptiones,
632 1466 664 1501 p.
683 1465 763 1500 434.
786 1465 821 1499 4.

885 1512 922 1535 c.
954 1512 1166 1536 MAMERCIO.
1196 1512 1221 1535 s.
1254 1515 1283 1535 ν.
1315 1513 1343 1535 F.

705 1560 906 1583 nummo.
936 1561 971 1591 Q.
1002 1561 1084 1582 Λευ.
1112 1561 1236 1583 rme-r.
1266 1561 1387 1584 nvn.
1416 1564 1450 1593 Q.
1482 1562 1533 1585 rr.

702 1608 733 1630 P.
760 1606 926 1631 PAcctvs.
955 1608 1168 1630 IANvAfflvs.
1198 1608 1318 1631 nuo.
1347 1608 1532 1632 NATvRAn

704 1655 759 1678 ετ.
790 1654 1006 1678 MAMERCIA.
1036 1655 1188 1678 GRAPTE.
1218 1655 1352 1679 MATER.
1382 1656 1605 1680 INFELICISS.

704 1700 819 1725 rulo.
852 1703 905 1726 ετ.
935 1702 1140 1726 COGNATAE.
1170 1703 1374 1727 Pnssxms.
1403 1704 1600 1728 rect-:avua

392 1746 461 1782 Hic
479 1745 571 1780 enim
594 1744 634 1779 C.
653 1746 860 1779 Mamercius
876 1746 1051 1793 Januarius
1070 1747 1183 1781 Paccii
1202 1747 1353 1793 Januarii
1380 1759 1446 1781 non
1463 1747 1600 1794 Spurius
1613 1777 1622 1791 ‚
1661 1746 1717 1782 sed
1746 1749 1838 1787 filius

393 1792 567 1836 naturalis,
594 1793 683 1828 &in
700 1792 870 1837 dignitate
894 1794 1105 1838 constitutus,
1126 1794 1314 1841 adpellatur
1339 1806 1367 1828 s.
1386 1807 1413 1829 12.
1432 1807 1463 1829 F.
1492 1797 1515 1829 i.
1536 1807 1566 1830 e.
1588 1794 1653 1831 fine
1666 1797 1764 1831 Patre
1783 1799 1838 1832 Fi-

390 1840 614 1876 lius.--Sic
633 1841 715 1887 quia
732 1842 831 1877 Servii
855 1840 947 1875 Tullii
971 1843 1116 1886 ignorati
1138 1842 1210 1876 sunt
1230 1843 1398 1885 Parentes,
1423 1843 1547 1877 Seneca
1566 1844 1838 1890 inquit—Hoc

383 1889 529 1935 ficbnotat
550 1889 622 1923 duos
640 1889 788 1924 Romanos
799 1890 900 1934 Reges
917 1889 981 1934 effe,
1005 1901 1130 1934 quorum
1154 1892 1235 1925 alter
1254 1893 1378 1925 Patrem
1396 1902 1449 1924 non
1473 1892 1573 1933 habet,
1600 1894 1677 1926 alter
1695 1902 1833 1928 matrem.

390 1937 475 1971 Nam
491 1937 528 1970 de
542 1937 640 1971 Servii
660 1946 757 1971 matre
773 1938 955 1978 dubitatum
982 1938 1064 1971 Anci
1080 1939 1173 1972 Pater
1195 1939 1291 1972 nullus
1310 1953 1320 1978 ς
1348 1939 1450 1971 Numa
1464 1939 1560 1982 Nepos
1577 1940 1696 1973 dicitur.
1750 1939 1835 1987 Qae

389 1981 490 2018 verba
509 1982 687 2018 observatu
705 1983 809 2027 digna
828 1982 916 2026 sunt,
944 1985 1022 2030 quia
1040 1984 1232 2019 luculenter
1252 1983 1415 2018 illustrant
1434 1984 1670 2031 loquutionem
1685 1988 1837 2034 Scripto-

389 2031 435 2065 ris
457 2030 613 2076 Epistolae
641 2029 683 2065 ad
712 2030 885 2073 Hebraeos‚
912 2030 968 2065 ubi
995 2031 1080 2066 dicit
1099 2033 1360 2075 Melcliisedecmn
1388 2032 1508 2073 ἀπάτορα
1525 2032 1548 2076 ιζ,
1571 2033 1694 2074 διμήτορα
1724 2034 1830 2071 fuisse,

390 2079 443 2112 Ita
460 2078 663 2113 Plutarchus
687 2078 813 2125 Qaest.
841 2079 946 2113 Rom.
973 2092 1047 2127 pag.
1064 2081 1119 2115 68.
1172 2081 1228 2113 Διὰ
1257 2080 1280 2112 τά
1299 2079 1342 2112 ‘nic
1367 2079 1498 2123 ἀπάτορας
1525 2080 1622 2113 meins
1648 2081 1705 2119 ιξοῦς
1734 2083 1831 2121 mnia.

390 2126 507 2173 Eurip.
522 2126 558 2160 in
577 2127 684 2172 Trag.
704 2129 779 2162 lon.

988 2180 1030 2205 nt
1048 2173 1076 2212 >152
1094 2174 1213 2215 οἷμῆπις,

724 2220 872 2261 Ἀπάτην.
888 2222 977 2264 γηώς,
1002 2222 1050 2254 τὲς
1062 2223 1213 2266 θρέψαντας

724 2268 797 2302 Φοὶζκ
817 2269 878 2301 γαίης
895 2269 1045 2311 &pavoiii-a.

987 2327 1070 2361 Nam
1088 2336 1238 2371 tanquam
1255 2325 1371 2362 incerti
1390 2338 1501 2370 matre,

726 2374 771 2408 Et
786 2375 896 2407 incerto
912 2376 1006 2409 Patre
1023 2383 1123 2418 natus,
1153 2376 1237 2418 illud,
1262 2376 1339 2420 quod
1356 2387 1402 2410 me
1419 2378 1509 2420 aluit,

723 2421 822 2456 Phoebi
843 2423 985 2466 templum
1003 2424 1076 2458 colo.
1765 2424 1831 2459 Ad-
