2059 2812
573 133 690 193 Lib.
722 133 786 193 IL
858 132 968 194 Titi-
993 133 1191 192 XXIII.
1499 135 1606 203 147

223 237 264 286 ⁷9}
295 239 435 293 Qum
462 233 634 288 denique
663 248 708 274 ea
735 242 876 287 quarta
893 233 1186 277 Trebellianica
1208 234 1258 275 ad
1277 234 1500 288 exemplum
1514 236 1605 275 Fal-

164 299 281 342 cidiae
298 302 458 340 inventa
474 297 535 350 fit,
564 298 703 339 iisdem
717 298 803 338 fere
827 297 973 340 cafibus
996 300 1128 349 ceffat‚
1157 299 1296 353 quibus
1317 298 1508 349 Falcidia,
1536 311 1602 339 ve-

166 363 242 403 luti
273 378 308 405 1.
327 363 367 403 in
388 364 622 403 testamento
636 362 800 402 militis:
833 377 870 401 2.
891 361 932 400 Si
948 362 1114 401 testator
1127 373 1308 415 quartam
1328 362 1427 402 hanc
1444 359 1601 401 detrahi

166 425 346 480 expresse
361 425 634 479 prohibuerit.
697 441 732 475 3.
762 424 802 464 Si
818 424 943 464 haeres
966 437 1012 462 ex
1033 424 1261 478 ignorantia
1277 425 1372 478 juris
1394 423 1602 465 haeredita-

165 499 248 530 tem
268 490 488 530 universam
506 489 739 529 restituerit.
793 503 835 538 4.
864 489 903 527 Si
929 488 1193 530 inventarium
1217 488 1345 529 facere
1365 487 1600 542 neglexerit.

166 566 204 599 5.
235 553 274 591 Si
291 563 471 605 quartam
484 553 561 606 jam
575 551 718 592 salvam
733 551 876 591 habeat
890 549 1043 604 judicio
1057 552 1266 593 testatoris.
1329 551 1486 606 Qibus
1500 550 1601 589 adde

165 615 317 656 causam
333 614 630 658 fideicommiffis
650 615 872 668 propriam,
900 623 997 667 puta
1026 621 1048 652 6
1056 645 1063 654 .
1084 614 1110 655 fi
1130 617 1288 656 coactus
1309 612 1456 654 adierit
1475 613 1601 653 haere-

164 676 346 719 ditatem.

657 734 701 782 T
737 748 758 782 1
798 748 848 782 T.
922 734 1115 782 XXIV.

198 830 278 881 De
306 831 514 896 Singulas
546 830 709 881 Rebus
739 843 830 900 per
865 828 1309 896 Fideicommiffum
1339 828 1560 880 Reliffz‘is.

221 943 256 970 1.
287 932 384 971 Haec
415 927 465 967 de
493 928 794 971 fideicommiffis
819 929 1113 984 universalihm:
1158 928 1375 981 sequuntur
1398 926 1598 981 fingularia

161 992 305 1045 quibus
327 992 472 1045 quaevis
491 1004 552 1032 res
570 991 744 1047 fingulae,
772 994 832 1045 (ut
856 993 937 1043 hic,
966 994 1029 1034 vel
1049 993 1118 1033 ille
1138 991 1313 1042 fundus;
1344 991 1426 1031 haec
1451 991 1513 1031 vel
1530 990 1599 1030 illa

163 1056 341 1107 pecuniae
366 1065 583 1097 numeratae
602 1056 774 1110 summa‚)
808 1057 932 1098 titulo
952 1056 1137 1113 fingulari
1153 1055 1284 1098 verbis
1308 1055 1520 1108 precativis
1537 1067 1599 1094 re-

164 1115 413 1170 linquuntur.

218 1196 256 1220 2.
288 1181 403 1222 Licet
422 1193 520 1235 ergo
540 1180 755 1222 verborum
774 1182 960 1222 formulis
979 1183 1198 1222 etiamnum
1224 1180 1416 1220 differunt
1437 1183 1599 1233 Legata,

165 1245 200 1281 ὅ(
215 1241 549 1291 Fideicommiffa,
578 1240 704 1294 reipsa
723 1248 757 1283 ὃς
776 1243 918 1284 effectu
937 1257 1008 1296 per
1037 1243 1172 1283 omnia
1190 1251 1390 1296 exaequata
1416 1239 1516 1282 sunt.

651 1352 696 1400 T
737 1367 759 1401 1
805 1368 855 1400 T.
931 1352 1099 1402 XXV.

695 1449 776 1498 De
812 1449 1068 1500 Codicillbs.

225 1560 259 1585 1.
287 1545 366 1587 Uti
397 1545 664 1587 Haereditates
695 1560 778 1586 non
807 1546 877 1586 nifi
910 1548 1176 1598 testamento;
1218 1547 1272 1586 ita
1305 1545 1599 1586 fideicommissa

164 1608 370 1662 utriusque
390 1610 558 1664 generis,
587 1616 621 1651 ὃ(
640 1610 769 1664 legata
786 1611 907 1651 etiam
928 1611 1099 1651 codicillis
1118 1610 1395 1663 relinquuntur
1406 1631 1417 1661 ‚·
1447 1608 1496 1648 de
1511 1610 1600 1663 qui-

166 1675 237 1713 bus
255 1673 330 1715 hoc
349 1674 472 1714 titulo
490 1674 700 1729 agendum.

218 1753 256 1779 2.
291 1737 485 1779 Codicilli
519 1738 720 1779 veteribus
757 1738 861 1778 nihil
894 1738 1003 1778 aliud
1045 1747 1185 1786 erant,
1228 1749 1345 1789 quam
1387 1736 1606 1789 Epistolae3

245 1845 416 1912 JUS
449 1845 1098 1899 ANGLICANUM.
1119 1846 1180 1897 ad
1199 1845 1510 1897 Tit.XXIII.

216 1945 358 1993 Aliquid
376 1944 642 1980 Haereditatibus
658 1943 971 1980 fideicommissariis
996 1944 1101 1979 fimile
1126 1942 1361 1991 repraesentant
1391 1955 1437 1977 eae
1452 1942 1598 1988 fiduciae,

170 2004 252 2038 quas
269 1994 302 2026 in
321 1991 434 2026 dando
453 2002 556 2027 terras
574 1992 695 2026 nostras
713 1994 890 2036 extraneis,
915 1991 959 2026 ad
988 1991 1082 2026 usum
1111 2003 1222 2026 tamen
1254 1990 1410 2032 nostrum,
1437 1993 1473 2024 &
1497 1991 1599 2024 haere—

169 2039 250 2073 dum
268 2040 463 2081 nostrorum,
487 2039 538 2073 vel
555 2041 656 2074 etiam
675 2039 869 2074 hominibus
887 2041 1023 2086 privatis
1047 2039 1087 2074 ad
1106 2037 1323 2074 commodum
1340 2037 1490 2083 corporis
1510 2036 1598 2084 poli-

170 2086 242 2127 tici,
269 2086 436 2121 collocare
468 2085 619 2121 solemus.
672 2086 738 2121 Sed
772 2087 910 2120 istorum
944 2086 1058 2121 usuum
1090 2087 1332 2126 inventionem,
1366 2093 1402 2117 ut
1437 2084 1599 2131 Principi,

171 2132 392 2180 Dominisque
408 2132 586 2168 feudorum
603 2133 814 2179 injuriosam,
843 2133 1096 2168 constitutiones
1110 2135 1203 2178 regni
1223 2131 1434 2171 sustulerunt,
1460 2141 1517 2165 aut
1534 2130 1598 2165 sal-

171 2188 239 2213 tem
252 2191 367 2224 magna
384 2192 423 2214 ex
441 2191 533 2226 parte
550 2189 772 2215 mutaverunt.

219 2230 324 2264 Nihil
343 2230 437 2265 aliud
451 2242 547 2267 erant
564 2245 664 2279 quam
682 2232 864 2281 Epistolae,]
892 2232 965 2268 Cic.
982 2233 1058 2268 Lib.
1072 2245 1105 2279 4.
1122 2232 1161 2267 ad
1176 2230 1294 2267 Famil.
1310 2229 1597 2276 Ep.12.-—-Cum

171 2289 229 2312 uon
244 2275 329 2322 long&
347 2289 367 2311 a
380 2280 485 2314 Piraeeo
500 2278 634 2325 abessem,
656 2290 731 2325 puer
746 2281 869 2316 Acidini
883 2282 955 2316 mihi
968 2283 1083 2316 obviam
1097 2282 1178 2316 venit
1196 2292 1260 2314 cum
1276 2275 1513 2313 CODICILL
1523 2276 1572 2310 IS
1585 2289 1598 2316 ;

173 2326 204 2358 in
221 2326 321 2371 quibus
336 2335 403 2361 erat
417 2325 570 2373 scriptum,
590 2327 681 2373 paulb
698 2338 768 2364 ante
781 2331 878 2364 lucem
892 2329 1074 2364 Marcellum
1087 2327 1258 2372 diemsuum
1271 2320 1596 2403 ⁰b51'ffi'·—EtELib·⁶·

959 2377 992 2409 T
1019 2387 1040 2411 2
1494 2381 1526 2415 P·
1543 2379 1596 2410 19·
