2059 2812
458 148 521 197 88
844 144 1105 195 Elementa
1140 144 1288 211 Juris
1323 146 1491 199 Civilis

1011 245 1056 293 T
1091 259 1109 293 1
1147 261 1197 294 T.
1240 243 1336 294 '11.

589 340 670 389 De
694 340 858 392 Rebus
882 341 1224 411 Corporalibus
1253 341 1325 404 &
1354 341 1757 414 Incorporalibm.

516 453 550 479 1.
581 438 778 493 Qaedam
794 448 987 492 praeterea
1005 453 1066 480 res
1086 440 1290 495 Corporales
1309 439 1418 488 sunt,
1443 442 1620 493 quaedam
1630 445 1890 498 Incorporales.

459 501 665 554 Corporales
686 501 747 541 hae
772 499 876 549 sunt,
905 514 994 553 quae
1013 501 1080 541 sua
1098 512 1239 541 natura
1260 502 1371 554 tangi
1389 502 1564 556 possunt,
1592 504 1716 543 veluti
1734 503 1895 554 fundus,

456 563 583 611 vestis,
611 575 750 602 aurum
766 568 838 604 διε,
883 563 1129 616 Incorporales
1148 572 1295 612 autem,
1314 576 1403 616 quae
1420 562 1475 601 ita
1494 564 1603 616 tangi
1621 577 1704 603 non
1720 567 1894 618 poffunt,

453 624 583 676 qualia
615 625 706 662 sunt
737 637 797 670 ea,
833 636 920 675 quae
953 623 995 661 in
1018 624 1106 676 jure
1138 623 1362 673 confistunt,
1389 622 1485 664 ficut
1507 624 1745 674 Haeredjtas,
1773 625 1895 668 Usus-

454 684 623 731 fruetus,
652 683 769 731 Usus,
798 689 833 723 δι
865 682 1147 738 Obligationes
1177 699 1340 738 quoquo
1371 685 1494 725 modo
1524 687 1752 729 contractae.
1808 690 1894 729 Nec

455 745 505 786 ad
525 759 606 786 rem
626 745 820 797 pertinet,
849 744 959 798 quod
978 746 1021 785 in
1040 745 1274 787 haereditate
1290 759 1350 786 res
1364 748 1594 799 corporales
1614 748 1892 789 continentur:

455 821 545 848 nam
573 806 789 855 &fru&us‚
817 807 886 859 qui
918 820 966 846 ex
994 805 1122 846 fundo
1149 808 1445 861 percipiuntur,
1470 808 1697 860 corporales
1725 807 1832 857 sunt,
1860 815 1895 850 ὃ(

456 869 499 909 id
519 868 628 922 quod
643 881 691 908 ex
707 867 840 921 aliqua
855 867 1106 921 obligatione
1125 870 1239 909 nobis
1253 868 1422 908 debetur
1437 868 1668 922 plerumque
1684 869 1894 922 corporale

454 932 525 979 est,
553 930 680 970 veluti
703 928 863 977 fundus,
890 930 1089 980 Pecunia5
1120 944 1212 971 nam
1240 929 1366 984 ipsum
1388 930 1446 983 jus
1467 929 1728 980 haereditatis,
1756 930 1896 970 utendi

452 991 629 1038 fruendi,
657 996 692 1031 &
707 989 982 1043 obligationis,
997 991 1251 1045 incorporale
1274 992 1343 1031 est.
1401 990 1556 1031 Eodem
1567 1004 1737 1031 numero
1751 989 1843 1030 sunt
1859 997 1894 1032 δε

454 1100 764 1134 fione.--Terrae
783 1103 852 1134 &c.
878 1097 1024 1134 secundo
1041 1098 1239 1135 dividuntur
1259 1100 1291 1132 in
1310 1099 1514 1146 corporales,
1542 1112 1616 1146 quae
1635 1100 1726 1143 tangi
1756 1098 1893 1147 possunt

456 1157 494 1182 ut
513 1147 636 1189 Terra,
662 1145 796 1180 Fundus
813 1150 881 1181 &c.
911 1149 948 1180 &
968 1147 1216 1191 Incorporales,
1243 1158 1315 1189 quoe
1343 1159 1405 1179 nec
1421 1146 1526 1179 videri
1545 1158 1605 1179 nec
1623 1148 1715 1188 tangi
1746 1145 1894 1192 possunt,

456 1203 494 1227 ut
510 1194 607 1237 Jura,
634 1193 839 1233 Dignitates‚
864 1191 1124 1233 Advoeaflones,
1151 1191 1349 1232 Servitutes,
1374 1191 1556 1234 Privilegia
1574 1194 1642 1225 &a

502 1254 535 1280 2.
565 1246 679 1278 Ten-:e
695 1246 764 1278 &a
783 1243 1002 1289 acquirantur
1022 1254 1052 1276 1.
1071 1243 1321 1291 Occupatione.
1375 1255 1408 1278 2.
1436 1242 1643 1278 Succeffione
1657 1242 1890 1278 Haereditaria.

457 1306 490 1341 3.
519 1292 713 1339 Emptione.
766 1302 798 1336 4.
828 1287 1089 1335 Praescriptione.
1145 1302 1174 1334 5.
1205 1288 1354 1323 Escaeta.

507 1358 538 1392 3.
557 1346 682 1382 ‚Terrae
698 1347 764 1379 &c.
793 1344 995 1377 amittantur
1028 1353 1056 1376 x.
1078 1341 1294 1376 Alienatione
1313 1343 1476 1376 Tenentis
1494 1342 1536 1376 ad
1564 1356 1680 1387 annos,
1706 1343 1759 1379 seu
1779 1343 1820 1378 ad
1837 1357 1893 1379 vo-

451 1394 631 1429 luntatem.
681 1402 714 1424 2.
745 1388 955 1424 Alienatione
985 1388 1021 1421 in
1053 1401 1187 1424 manum
1213 1399 1394 1424 mortuam.
1451 1402 1481 1436 3.
1511 1390 1720 1426 conditione
1746 1404 1812 1426 non
1830 1393 1895 1426 im-

479 1440 561 1474 leta.
612 1449 647 1483 4.
673 1436 787 1473 Vasto,
842 1448 871 1481 5.
897 1434 1181 1470 Conturbatione.
1236 1441 1268 1470 6.
1297 1435 1441 1470 Escaeta.
1495 1451 1526 1476 7.
1554 1436 1739 1472 Diffeifina.
1794 1440 1826 1473 8.
1848 1442 1892 1474 A-

455 1453 652 1523 {ammento
670 1483 724 1518 seu
743 1481 1017 1530 Interpofitione.
1070 1495 1101 1523 9.
1125 1481 1319 1517 lntrufione.

503 1530 674 1568 catallum
692 1529 860 1575 fignificat
873 1542 974 1565 omne
991 1527 1115 1563 bonum
1139 1529 1263 1565 mobile
1281 1529 1336 1564 seu
1354 1529 1540 1574 immobile,
1568 1530 1660 1578 quod
1680 1544 1787 1579 neque
1809 1531 1895 1566 libe-

457 1592 531 1618 rum
549 1580 816 1620 Tenementum,
842 1588 952 1623 neque
968 1575 1119 1610 Feudum
1142 1577 1198 1611 est.

503 1624 635 1661 Catalla
661 1635 742 1659 vero
759 1623 824 1658 alia
852 1622 926 1658 sunt
951 1625 1060 1665 realia,
1086 1623 1150 1658 alia
1165 1624 1344 1669 personalia.
1397 1625 1509 1659 Realia
1529 1623 1616 1667 sunt,
1644 1638 1718 1671 quae
1745 1625 1892 1660 mediate

457 1674 522 1710 sive
540 1674 664 1708 virtute
681 1670 820 1706 alterius
847 1672 896 1705 rei
924 1669 966 1704 ad
989 1669 1135 1716 aliquem
1156 1673 1336 1716 pertinent,
1363 1681 1400 1705 ut
1420 1672 1529 1705 Annui
1548 1671 1675 1706 reditus
1694 1676 1760 1707 &c.
1815 1673 1894 1706 Per-

455 1720 593 1763 sonalia,
613 1730 687 1764 quae
700 1717 897 1753 immediate
913 1716 955 1751 ad
969 1716 1181 1763 possefforem
1197 1719 1380 1764 pertinent,
1407 1728 1443 1752 ut
1463 1722 1602 1762 Aurum,
1621 1722 1805 1763 Argentum
1821 1723 1889 1754 &c.

506 1765 637 1802 Catalla
669 1766 884 1811 acquirantur
916 1777 946 1799 1.
969 1766 1074 1808 Regis
1094 1766 1331 1810 Praerogativfi.
1385 1778 1418 1799 2.
1445 1767 1650 1801 Donatione.
1707 1779 1736 1813 3.
1765 1766 1895 1802 Vendi-

457 1817 561 1851 tione.
615 1825 648 1859 4.
677 1813 794 1846 Furto.
849 1824 878 1857 5.
908 1810 1138 1847 Testamento.
1191 1817 1222 1846 6.
1253 1812 1562 1847 Administratione.

508 1860 639 1896 Catalla
655 1860 855 1894 amittantur
881 1871 909 1894 1.
931 1858 1146 1894 proditione.
1198 1872 1230 1893 2.
1262 1860 1413 1894 Felonia.
1469 1871 1499 1904 3.
1526 1861 1560 1894 Si
1580 1860 1653 1905 quis
1672 1857 1820 1893 Feloniae
1837 1872 1891 1893 ac-

459 1909 591 1944 cusatus
609 1907 657 1942 sui
687 1907 818 1952 copiam
836 1918 904 1940 non
922 1904 1038 1940 faciat.
1091 1918 1124 1952 4.
1151 1906 1362 1940 Venditione
1381 1907 1414 1938 in
1435 1907 1522 1940 Foro
1541 1906 1687 1953 publico.
1744 1919 1771 1950 5.
1801 1908 1890 1940 Deo-

457 1955 580 1992 dando.
634 1958 665 1987 6.
695 1952 880 1988 Thesauro,
934 1965 967 1992 7.
996 1953 1140 1989 Waivio.
1195 1954 1228 1988 8.
1256 1953 1456 1987 Extrahura.
1509 1965 1540 1994 9.
1570 1952 1729 1988 Wrecko.

507 2021 711 2069 Corporales
738 2021 787 2055 hae
816 2019 912 2067 sunt]
950 2020 1022 2055 Cic.
1039 2021 1164 2067 Topic.
1186 2033 1214 2066 5.
1266 2020 1482 2066 Definitionum
1500 2021 1553 2053 duo
1563 2018 1634 2063 fimt
1646 2030 1761 2062 genera
1776 2022 1886 2063 prima.

461 2077 569 2108 'Unum
588 2081 690 2104 earum
705 2080 805 2103 rerum
825 2080 886 2114 quae
897 2068 983 2113 sunt,
1008 2068 1138 2102 alterum
1156 2079 1260 2102 earum
1277 2079 1375 2101 rerum
1399 2078 1460 2110 (μω
1489 2067 1704 2110 intelliguntur.
1756 2069 1888 2101 ESSE

459 2132 498 2154 ea
519 2121 593 2160 dico,
620 2128 680 2160 qua
697 2117 776 2150 cerni
794 2118 913 2159 tangive
937 2117 1061 2159 possunt,
1087 2123 1121 2147 ut
1131 2113 1276 2158 fundum,
1303 2115 1387 2155 indes,
1411 2114 1568 2156 parietem,
1592 2113 1778 2156 stillicidium,
1804 2126 1890 2148 mau-

461 2167 579 2211 cipium,
604 2164 765 2204 Pecudem,
783 2162 1004 2206 supellec'tilem,
1027 2171 1116 2204 penus
1143 2160 1180 2195 (θ’
1203 2170 1320 2194 caetera.
1372 2161 1486 2193 NON
1506 2162 1633 2195 ESSE
1648 2160 1742 2203 rursus
1761 2173 1796 2194 ea
1814 2163 1888 2201 dico,

463 2225 523 2258 quat
539 2211 638 2255 tangi,
664 2208 886 2252 demonstrarive
906 2220 962 2242 non
984 2211 1105 2252 possunt,
1132 2217 1166 2240 ut
1183 2208 1210 2252 fi
1231 2207 1446 2250 usucapionem,
1481 2208 1648 2247 murelum,
1666 2207 1693 2251 fi
1711 2217 1844 2251 gentem,
1869 2208 1891 2251 [ἱ

464 2261 653 2305 agnationem
669 2256 801 2301 definias,
824 2265 952 2299 quarum
969 2265 1068 2288 rerum
1093 2255 1203 2288 nullum
1215 2252 1308 2298 subest
1325 2252 1404 2297 quast
1421 2263 1520 2297 corpus
1540 2269 1549 2293 ;
1588 2254 1624 2298 est
1641 2263 1741 2288 Μυκη
1758 2256 1888 2299 quedam

462 2304 653 2352 conformatio
669 2302 818 2348 insignita,
845 2300 882 2337 &¹
899 2299 1030 2346 impreffit
1049 2301 1259 2345 intelligentie,
1284 2311 1374 2344 quam
1389 2302 1535 2335 notionem
1554 2312 1628 2336 voco.

1804 2383 1891 2436 jura
