2059 2812
426 150 525 209 156
821 142 1090 194 Elementa
1117 139 1263 207 Jurbs
1300 140 1470 191 Civilia

946 242 990 290 T
1028 258 1050 292 1
1091 256 1141 291 T.
1210 240 1330 289 VII.

825 339 904 390 De
942 339 1120 391 Servili
1154 328 1461 402 Cognatione.

487 459 521 483 1,
552 440 748 494 Qamvis
779 452 879 479 vero
913 437 1062 490 nuptiis
1094 445 1129 478 ὅ(
1166 435 1322 475 servilis
1360 434 1547 486 cognatio
1582 435 1867 488 impedimento

429 505 541 552 effet,
569 504 648 555 ejus
680 513 812 541 tamen
846 501 950 539 ratio
975 499 1300 540 non'habebatur
1320 499 1360 537 in
1380 496 1694 546 succeffionibus‚
1720 496 1867 537 etiamfi

429 577 637 623 cognatus,
666 576 885 621 cognatave
910 564 1061 604 servilis
1096 564 1340 605 conditionis
1367 562 1630 610 manumiffus,
1658 559 1869 601 manumis-

428 630 518 670 save
537 630 645 668 effet.
705 629 812 668 Hinc
840 641 875 667 e.
892 641 931 680 g.
961 626 1101 666 ancilla
1120 640 1209 665 cum
1236 625 1372 664 liberis
1400 624 1626 663 manumissa
1652 623 1713 662 his
1739 637 1868 675 neque

428 696 466 732 S.
486 693 533 733 C.
562 689 821 730 Tertulliano
840 689 1086 738 succedebat,
1115 703 1185 729 nec
1213 688 1262 728 ad
1290 688 1491 727 bonorum
1524 685 1792 739 possessionem
1819 699 1868 725 ex

429 755 576 795 Edicto
606 755 697 793 unde
719 754 867 807 Cognati
891 753 1121 793 vocabatur.

483 834 521 861 2.
554 818 629 858 Sed
648 817 875 870 Justinianus
891 817 1190 865 constitutione,
1218 830 1304 869 quae
1320 816 1443 856 hodie
1459 829 1542 855 non
1560 816 1696 861 exstat,
1724 812 1866 859 sanxit,

428 888 474 917 ut
504 885 539 920 ἃ
555 882 745 918 Parentes
776 879 929 927 liberis,
956 878 1126 920 &liberi
1153 878 1387 917 Parentibus
1414 879 1501 929 post
1531 874 1869 917 manumiffionem·

427 940 697 991 succederent,
726 940 888 994 ipfisque
903 942 1082 994 patronis
1101 941 1389 994 praeferrentur
1408 940 1457 979 ad
1475 939 1770 980 fimilitudinem
1786 936 1868 976 suc-

429 1003 603 1045 ceffionis
623 1004 727 1044 inter
747 1009 931 1044 Parentes
949 1003 1176 1055 liberosque
1194 1004 1393 1056 legitimos
1412 1014 1592 1056 receptae.

935 1101 979 1150 T
1017 1116 1036 1148 I
1077 1117 1127 1149 T.
1199 1101 1342 1148 VIII.

761 1198 841 1248 De
875 1191 1163 1263 Succeſjlone
1200 1196 1529 1247 Libertorum.

489 1314 522 1340 1.
554 1302 623 1353 Jus
644 1297 877 1338 succedendi
900 1298 944 1336 in
963 1296 1068 1335 bona
1088 1296 1351 1337 Libertorum
1371 1294 1469 1333 olim
1490 1293 1637 1334 varium
1658 1292 1752 1341 fuit,
1779 1304 1865 1333 tan‘-

428 1361 518 1402 dem
538 1366 594 1401 eo
606 1362 692 1403 fere
711 1361 832 1401 rediit
852 1371 895 1400 ut
917 1376 950 1400 1.
967 1369 1158 1401 vocentur
1174 1359 1326 1400 Liberi.
1387 1373 1422 1397 2.
1456 1361 1614 1397 Fratres
1632 1364 1666 1399 δι
1685 1361 1862 1397 SororeS.

431 1440 467 1473 3.
503 1429 701 1465 Parentes.
760 1439 798 1472 4.
831 1424 1010 1465 Patroni.
1070 1439 1106 1470 5.
1137 1425 1402 1462 Patronorum
1421 1419 1554 1470 liberi,
1583 1421 1646 1461 vel
1664 1421 1796 1476 agnati
1814 1419 1868 1459 ad

426 1488 609 1543 quintum
629 1488 808 1542 gradum.

969 1544 1014 1592 T
1052 1558 1073 1591 1
1113 1559 1163 1592 T.
1237 1543 1330 1591 IX.

729 1642 806 1692 De
835 1640 1188 1707 Adfigncztione
1215 1639 1543 1689 Libertorum.

485 1755 517 1779 1.
551 1740 746 1794 Qamvis
767 1752 863 1779 vero
894 1750 1160 1791 patronorum
1188 1738 1306 1778 liberi
1326 1735 1452 1791 gradu
1483 1735 1657 1789 proximi
1678 1751 1787 1789 aeque
1818 1753 1863 1779 ac

425 1803 495 1856 ipfi
514 1804 695 1851 Patroni,
726 1804 883 1843 libertis
901 1803 950 1842 ab
969 1804 1155 1843 intestato
1179 1801 1432 1842 succederent
1448 1817 1456 1838 ε
1486 1800 1528 1839 id
1548 1812 1677 1839 tamen
1693 1815 1777 1841 eam
1796 1802 1865 1842 ha-

425 1867 544 1906 bebat
566 1869 854 1919 exceptionem,
884 1867 954 1906 nisi
972 1871 1168 1907 Patronus
1188 1867 1258 1906 uni
1277 1880 1324 1905 ex
1350 1866 1486 1905 liberis
1506 1864 1581 1904 suis
1600 1865 1861 1918 cujuscunque

424 1931 568 1984 gradus
586 1946 630 1970 ac
654 1932 763 1970 sexus
784 1931 976 1971 libertum
995 1932 1058 1971 vel
1088 1933 1336 1978 testamentO,
1364 1930 1426 1970 vel
1456 1928 1533 1968 fine
1552 1943 1601 1968 eo
1620 1928 1861 1983 adfignasset‚

425 2004 468 2032 ut
489 1995 520 2032 is
539 1993 643 2032 solus
663 2003 853 2046 patronus
874 1994 981 2033 esset.

479 2073 517 2097 2.
552 2061 689 2112 Qum
710 2057 842 2108 itaque
863 2058 907 2105 is,
937 2057 999 2096 cui
1019 2056 1240 2111 adsignatus
1258 2058 1425 2097 libertus
1444 2056 1590 2103 fuerat,
1620 2056 1725 2095 solus
1744 2056 1862 2097 habe-

424 2129 536 2159 retur
555 2131 762 2172 patronus‚
791 2118 1042 2171 sequebatur,
1070 2131 1114 2159 ut
1141 2121 1244 2160 solus
1276 2119 1434 2159 exclusis
1453 2119 1644 2158 fratribus
1672 2119 1713 2157 in
1746 2120 1869 2159 bonis

424 2182 562 2222 liberti
590 2182 843 2233 succederet;
889 2196 1016 2235 eoque
1048 2183 1254 2230 exstind'co,
1287 2182 1407 2235 liberi
1438 2184 1545 2236 ejus3
1587 2187 1621 2221 ἃ
1640 2192 1686 2220 ut
1714 2181 1859 2235 reliqui

423 2248 567 2287 fratres
586 2247 690 2286 nihil
705 2247 803 2301 juris
823 2246 1014 2287 haberent
1035 2247 1075 2285 in
1097 2247 1212 2287 bonis
1231 2247 1383 2296 liberti,
1412 2246 1481 2289 nifi
1506 2245 1697 2288 exstineto
1716 2245 1794 2286 fine
1812 2245 1860 2284 li-

422 2310 526 2350 beris
544 2323 608 2360 ee,
637 2311 698 2353 cui
717 2308 883 2350 libertus
898 2307 1115 2363 adfignatus
1134 2307 1279 2351 fuerat.

1696 2363 1732 2402 T
1763 2373 1777 2399 1
1811 2372 1856 2400 T.
