2059 2812
689 131 801 184 Lib.
833 131 871 184 I.
947 130 1043 184 Tit.
1085 130 1147 181 V.
1570 149 1634 198 29

256 253 295 287 4.
325 239 524 289 Tempore
537 232 718 287 Augusti,
740 231 941 273 Libertini
958 229 1130 282 triplicis
1148 239 1261 269 erant
1278 225 1539 278 conditionis,
1567 229 1638 270 alii

202 302 378 351 peffimae,
405 300 475 352 qui
508 310 732 337 DED1T1T11
761 305 890 344 erant,
919 301 954 336 ὃ(
973 309 1053 334 non
1086 295 1253 334 multum
1279 308 1301 333 a
1329 292 1450 333 servis
1482 293 1640 333 differe-

201 362 319 402 bant:
364 358 434 398 alii
452 362 646 406 melioris,
673 370 720 396 ut
748 371 928 406 LA'1‘1N13
968 357 1036 394 alii
1056 357 1234 407 optimae,
1261 359 1328 407 qui
1355 357 1551 397 habebant
1571 357 1638 409 jus

204 424 340 465 Civium
369 424 631 474 Romanorum,
674 421 768 460 licet
802 419 963 472 ingenui
994 431 1075 456 non
1106 417 1243 456 essent.
1305 418 1377 456 Sed
1408 417 1639 470 Jastinianus

201 500 316 527 omne
355 486 443 527 fere
474 485 686 526 discrimen
721 483 987 536 ingenuorum
1025 486 1060 522 ὅ(
1093 479 1400 521 Libertinorum
1435 480 1637 526 abolevit,

201 550 309 593 salvo
331 560 461 592 tamen
482 552 566 605 jure
587 548 836 591 Patronatfis.

739 667 784 716 T
819 681 838 716 1
875 682 925 715 T.
997 664 1086 714 VI.

338 768 528 833 Qibus
563 783 624 818 ex
656 764 806 832 cazfis
841 762 1195 815 manumittere
1230 778 1327 811 non
1363 762 1489 812 licet.

260 889 294 914 1.
323 877 419 916 Non
438 885 568 914 tamen
589 873 810 925 cuicunque
832 869 987 912 volenti
1006 868 1286 910 manumittere
1307 867 1401 909 licet
1419 880 1491 920 per
1507 868 1635 922 Legem

202 938 342 979 AEliam
364 938 543 987 Sentium,
570 936 675 990 cujus
694 935 776 975 duo
796 935 886 975 sunt
904 935 1048 988 capita.

247 1046 478 1093 DED1T1T11]
517 1047 662 1081 Dedititii
686 1046 742 1079 vix
761 1043 913 1079 umbram
940 1042 1108 1077 libertatis
1125 1039 1425 1088 consequebantur,
1449 1053 1525 1076 cum
1549 1039 1636 1088 ejus-

199 1095 278 1130 dem
296 1096 397 1130 effent
415 1093 625 1129 conditionis
642 1104 717 1126 cum
732 1091 865 1139 populis
879 1090 1257 1133 dedititiis,-—Latini
1275 1087 1427 1135 ejusdem
1446 1098 1541 1122 erant
1553 1100 1635 1122 con-

198 1143 341 1177 ditionis
361 1155 438 1177 cum
458 1142 577 1175 Latinis
596 1141 628 1173 in
647 1139 796 1172 colonias
812 1137 977 1180 deductis,
1004 1138 1063 1183 qui
1081 1137 1226 1171 civitatis
1240 1136 1314 1182 jura
1333 1148 1398 1169 non
1419 1134 1633 1179 obtinebant,

288 1189 516 1221 Constitutum
532 1188 576 1218 est
594 1185 777 1227 legeJunia
787 1186 942 1224 Norbana,
964 1193 1001 1217 ut
1016 1182 1200 1217 manumissi
1214 1193 1267 1227 per
1278 1183 1451 1228 Epistulam,
1479 1191 1536 1216 aut
1552 1184 1635 1217 inter

200 1237 334 1276 Amicos,
359 1231 500 1278 aliisque
518 1230 628 1264 modis
644 1231 754 1263 minus
768 1227 970 1271 solennibus,
991 1240 1056 1261 non
1075 1231 1218 1268 civitam,
1242 1226 1485 1262 sedLatinorum
1500 1238 1634 1264 tantum

198 1284 274 1329 jura
292 1279 587 1324 consequerentur.
640 1276 729 1308 Hinc
755 1287 820 1307 non
838 1274 955 1307 desunt
972 1274 1131 1319 Exempla
1149 1273 1437 1308 manumiffionum
1451 1285 1506 1319 per
1519 1275 1635 1321 Epsso-

200 1332 277 1371 lam,
302 1335 359 1361 aut
375 1328 453 1359 inter
466 1325 599 1363 Amicos,
625 1333 683 1367 per
706 1322 876 1356 Vindic‘bzm
893 1318 1016 1352 deinde
1035 1319 1114 1353 ideo
1141 1319 1428 1361 confirmatarum,
1455 1331 1491 1354 ut
1516 1320 1632 1355 liberti

195 1376 272 1423 jura
297 1373 443 1408 civitatis
471 1369 678 1404 obtinerent.
731 1366 818 1401 Plin.
838 1365 916 1400 Lib.
937 1379 971 1404 7.
990 1366 1092 1411 Epist.
1113 1371 1165 1398 16.
1256 1368 1358 1408 Spero,
1384 1368 1443 1399 imo
1458 1368 1563 1412 confido
1575 1368 1632 1411 fa-

199 1425 256 1457 cile
269 1434 315 1456 me
333 1422 573 1464 impetraturum,
594 1424 629 1450 ut
644 1427 682 1449 ex
694 1415 802 1448 itinere
817 1413 949 1459 deflec‘tat
967 1414 1006 1446 ad
1024 1422 1067 1455 te,
1083 1411 1110 1458 fi
1126 1413 1206 1447 voles
1222 1413 1251 1447 V
1251 1414 1267 1446 Ι
1275 1414 1310 1446 Ν
1315 1414 1347 1446 D
1359 1414 1378 1446 I
1383 1414 1411 1446 C
1417 1414 1474 1447 TA
1492 1415 1632 1456 liberare,

196 1481 271 1516 quos
287 1468 424 1513 proxime
437 1464 579 1499 INTER
596 1462 791 1496 AMICOS
804 1460 1001 1506 manumifisti.
1016 1480 1082 1485 --
1094 1460 1351 1503 Nonnunquam
1371 1463 1407 1494 ὃς
1426 1458 1468 1493 ab
1487 1454 1635 1507 Impera-

198 1515 331 1551 toribus
345 1514 452 1549 Latini
471 1511 598 1558 Juniani
614 1509 688 1556 jura
702 1508 880 1556 Qritium
896 1505 1309 1553 impetrabant.-—Plin.
1331 1505 1470 1541 Lib.10.
1487 1508 1629 1553 Epist.4.

197 1563 419 1598 -Proximo
438 1571 527 1601 anno,
545 1559 688 1599 Domine,
701 1553 877 1600 graviffimd
890 1556 1064 1589 valetudine
1080 1552 1169 1599 ufilue
1186 1554 1226 1587 ad
1240 1555 1405 1598 periculum
1418 1555 1484 1588 vitae,
1499 1564 1632 1597 vexatus,

200 1610 391 1657 Jatralipten
413 1604 554 1652 affumpfi,
581 1606 660 1647 cujus
671 1603 855 1646 fhlicitudini
873 1600 910 1637 ὅ)
923 1601 1038 1646 studio,
1064 1602 1129 1635 Tuo:
1148 1610 1268 1634 tantum
1286 1601 1478 1644 Indulgentiae
1497 1602 1633 1645 beneficio

196 1657 308 1703 referre
331 1656 469 1701 gratiam
490 1664 594 1698 parem
615 1650 734 1696 poffum.
785 1649 900 1697 Qare
917 1661 996 1694 rogo,
1023 1651 1088 1682 Des
1113 1650 1139 1682 ei
1164 1650 1322 1684 civitatem
1347 1649 1526 1684 Romanam.
1580 1647 1633 1695 Est

197 1706 277 1740 enim
290 1703 449 1750 peregrina
464 1701 650 1743 conditionis,
676 1700 863 1743 manumissus
878 1709 896 1731 a
913 1694 1085 1742 peregrini.

444 1819 625 1885 JUS
674 1811 1383 1867 ANGLICANUM.

244 1922 366 1955 Forma
391 1917 648 1954 manumittendi
673 1915 761 1965 apud
784 1927 842 1950 nos
859 1925 1021 1960 regnante
1041 1916 1193 1950 Gulielmo
1205 1915 1303 1960 primo
1321 1911 1415 1947 dieto
1438 1912 1631 1960 Conqucstore

196 1967 239 2002 fic
257 1966 465 2002 describitur.

244 2016 278 2049 Si
294 2016 368 2061 quis
387 2013 472 2048 velit
488 2014 627 2049 Servum
646 2011 735 2046 suurn
754 2010 901 2045 liberum
917 2009 1029 2044 facere
1044 2008 1157 2043 tradat
1172 2020 1248 2043 eum
1259 2008 1468 2043 Vicecomiti
1484 2019 1541 2055 per
1558 2020 1630 2043 ma-

200 2074 276 2096 num
302 2061 456 2096 dextram
478 2062 510 2095 in
537 2060 637 2106 pleno
655 2060 833 2101 comitatu,
859 2060 896 2093 δε
921 2058 1074 2104 quietum
1103 2056 1199 2090 illum
1217 2055 1361 2090 clamare
1379 2054 1483 2089 debet
1505 2068 1523 2089 a
1546 2055 1629 2101 jugo

198 2109 369 2143 Servitutis
387 2107 449 2142 suae
466 2120 523 2155 per
541 2105 848 2148 Manumiffionem,
873 2108 909 2140 δε
931 2103 1082 2138 ostendat
1100 2105 1131 2137 ei
1159 2102 1280 2137 liberas
1296 2112 1408 2150 portas
1433 2106 1469 2137 &
1485 2102 1565 2145 vias,
1591 2106 1628 2137 &

200 2153 307 2189 tradat
321 2154 370 2189 illi
385 2154 489 2189 libera
505 2166 608 2197 arma,
634 2152 764 2189 scilicet
775 2155 942 2188 Lanceam
957 2155 994 2187 &
1010 2149 1184 2193 Gladium,
1212 2154 1250 2186 ὃς
1268 2148 1393 2185 deinde
1407 2148 1491 2184 liber
1510 2149 1627 2184 Homo

198 2200 351 2235 efficitur.
402 2201 580 2236 Lambard.
598 2201 730 2235 Archai.
754 2206 831 2236 126.

247 2249 309 2282 Per
325 2248 432 2292 legem
445 2248 568 2283 AEliam
581 2247 747 2294 Sentiam]
790 2247 946 2282 Licentia
962 2243 1221 2281 manumittendi
1246 2244 1391 2280 restricta
1419 2243 1560 2290 primum
1580 2240 1626 2276 est

197 2294 353 2340 perhanc
369 2295 488 2340 legem,
508 2297 563 2331 cui
580 2294 786 2330 occasionem
800 2294 907 2338 dedit,
917 2296 1103 2340 imperante
1114 2291 1256 2339 Augusto,
1268 2292 1372 2326 nimia
1388 2289 1626 2324 manumitten-

197 2341 234 2376 di
249 2340 391 2376 facilitas
404 2358 415 2385 5
443 2354 507 2390 qua
521 2342 637 2387 fiebat,
661 2353 698 2378 ut
707 2341 799 2378 Urbs
813 2341 1040 2390 pessimorum,
1057 2339 1352 2385 viliffimorumque
1365 2336 1545 2417 hominurnl
1554 2333 1626 2390 coi-

1549 2393 1624 2417 uvle
