<?xml version="1.0" encoding="UTF-8"?>
<!DOCTYPE html PUBLIC "-//W3C//DTD XHTML 1.0 Transitional//EN"
    "http://www.w3.org/TR/xhtml1/DTD/xhtml1-transitional.dtd">
<html xmlns="http://www.w3.org/1999/xhtml" xml:lang="en" lang="en">
 <head>
  <title>
</title>
<meta http-equiv="Content-Type" content="text/html;charset=utf-8" />
  <meta name='ocr-system' content='tesseract 3.04.00' />
  <meta name='ocr-capabilities' content='ocr_page ocr_carea ocr_par ocr_line ocrx_word'/>
</head>
<body>
  <div class='ocr_page' id='page_1' title='image "./jurisprudentiaph00eden_0256.png"; bbox 0 0 2059 2812; ppageno 0'>
   <div class='ocr_carea' id='block_1_1' title="bbox 410 120 1447 192">
    <p class='ocr_par' dir='ltr' id='par_1_1' title="bbox 410 120 1447 192">
     <span class='ocr_line' id='line_1_1' title="bbox 410 120 1447 192; baseline -0.002 -15"><span class='ocrx_word' id='word_1_1' title='bbox 410 143 513 192; x_wconf 88' lang='lat'>230</span> <span class='ocrx_word' id='word_1_2' title='bbox 799 122 1062 173; x_wconf 83' lang='lat' dir='ltr'><em>Elementa</em></span> <span class='ocrx_word' id='word_1_3' title='bbox 1095 120 1244 188; x_wconf 83' lang='lat' dir='ltr'>Jurz&#39;s</span> <span class='ocrx_word' id='word_1_4' title='bbox 1278 122 1447 175; x_wconf 80' lang='lat' dir='ltr'>Civilis</span> 
     </span>
    </p>
   </div>
   <div class='ocr_carea' id='block_1_2' title="bbox 403 219 1844 534">
    <p class='ocr_par' dir='ltr' id='par_1_2' title="bbox 403 219 1844 534">
     <span class='ocr_line' id='line_1_2' title="bbox 462 219 1843 278; baseline 0.002 -16"><span class='ocrx_word' id='word_1_5' title='bbox 462 239 500 264; x_wconf 91' lang='lat'>2.</span> <span class='ocrx_word' id='word_1_6' title='bbox 530 219 818 263; x_wconf 86' lang='lat' dir='ltr'>Committitur</span> <span class='ocrx_word' id='word_1_7' title='bbox 837 219 986 273; x_wconf 84' lang='lat' dir='ltr'>injuria</span> <span class='ocrx_word' id='word_1_8' title='bbox 1003 221 1081 270; x_wconf 88' lang='lat' dir='ltr'>Re,</span> <span class='ocrx_word' id='word_1_9' title='bbox 1111 220 1269 269; x_wconf 77' lang='lat' dir='ltr'>Verbis,-</span> <span class='ocrx_word' id='word_1_10' title='bbox 1296 226 1331 261; x_wconf 84' lang='lat'>&amp;</span> <span class='ocrx_word' id='word_1_11' title='bbox 1349 221 1510 262; x_wconf 85' lang='lat' dir='ltr'>Literis.</span> <span class='ocrx_word' id='word_1_12' title='bbox 1566 222 1636 264; x_wconf 68' lang='lat' dir='ltr'>Rs</span> <span class='ocrx_word' id='word_1_13' title='bbox 1652 235 1738 264; x_wconf 90' lang='lat' dir='ltr'>cum</span> <span class='ocrx_word' id='word_1_14' title='bbox 1754 225 1843 278; x_wconf 86' lang='lat' dir='ltr'>quis</span> 
     </span>
     <span class='ocr_line' id='line_1_3' title="bbox 404 283 1843 346; baseline 0.003 -21"><span class='ocrx_word' id='word_1_15' title='bbox 404 303 539 346; x_wconf 81' lang='lat' dir='ltr'>pugno</span> <span class='ocrx_word' id='word_1_16' title='bbox 571 286 760 341; x_wconf 84' lang='lat' dir='ltr'>pulsatus,</span> <span class='ocrx_word' id='word_1_17' title='bbox 788 295 857 326; x_wconf 87' lang='lat' dir='ltr'>aut</span> <span class='ocrx_word' id='word_1_18' title='bbox 876 283 978 325; x_wconf 84' lang='lat' dir='ltr'>fuste</span> <span class='ocrx_word' id='word_1_19' title='bbox 1005 285 1174 327; x_wconf 80' lang='lat' dir='ltr'>caeditur</span> <span class='ocrx_word' id='word_1_20' title='bbox 1189 298 1473 338; x_wconf 69' lang='lat' dir='ltr'>3—VER131s,</span> <span class='ocrx_word' id='word_1_21' title='bbox 1500 302 1589 329; x_wconf 87' lang='lat' dir='ltr'>cum</span> <span class='ocrx_word' id='word_1_22' title='bbox 1608 289 1694 342; x_wconf 89' lang='lat' dir='ltr'>quis</span> <span class='ocrx_word' id='word_1_23' title='bbox 1724 288 1843 329; x_wconf 83' lang='lat' dir='ltr'>alteri</span> 
     </span>
     <span class='ocr_line' id='line_1_4' title="bbox 405 346 1843 402; baseline 0.001 -11"><span class='ocrx_word' id='word_1_24' title='bbox 405 349 634 391; x_wconf 88' lang='lat' dir='ltr'>convicium</span> <span class='ocrx_word' id='word_1_25' title='bbox 663 346 903 391; x_wconf 81' lang='lat' dir='ltr'>dicit.-—-L</span> <span class='ocrx_word' id='word_1_26' title='bbox 914 365 929 392; x_wconf 92' lang='lat'>1</span> <span class='ocrx_word' id='word_1_27' title='bbox 941 363 970 390; x_wconf 88' lang='lat' dir='ltr'>T</span> <span class='ocrx_word' id='word_1_28' title='bbox 981 363 1004 389; x_wconf 83' lang='lat' dir='ltr'>E</span> <span class='ocrx_word' id='word_1_29' title='bbox 1017 365 1042 390; x_wconf 84' lang='lat' dir='ltr'>R</span> <span class='ocrx_word' id='word_1_30' title='bbox 1058 362 1071 388; x_wconf 94' lang='lat'>1</span> <span class='ocrx_word' id='word_1_31' title='bbox 1084 362 1116 397; x_wconf 88' lang='lat' dir='ltr'>s,</span> <span class='ocrx_word' id='word_1_32' title='bbox 1145 362 1234 389; x_wconf 89' lang='lat' dir='ltr'>cum</span> <span class='ocrx_word' id='word_1_33' title='bbox 1261 348 1347 402; x_wconf 83' lang='lat' dir='ltr'>quis</span> <span class='ocrx_word' id='word_1_34' title='bbox 1363 347 1551 391; x_wconf 79' lang='lat' dir='ltr'>famosum</span> <span class='ocrx_word' id='word_1_35' title='bbox 1578 349 1760 392; x_wconf 80' lang='lat' dir='ltr'>libellum</span> <span class='ocrx_word' id='word_1_36' title='bbox 1778 352 1843 393; x_wconf 88' lang='lat' dir='ltr'>vel</span> 
     </span>
     <span class='ocr_line' id='line_1_5' title="bbox 403 412 1844 471; baseline 0.001 -16"><span class='ocrx_word' id='word_1_37' title='bbox 403 427 560 455; x_wconf 88' lang='lat' dir='ltr'>carmen</span> <span class='ocrx_word' id='word_1_38' title='bbox 578 412 628 453; x_wconf 89' lang='lat' dir='ltr'>ad</span> <span class='ocrx_word' id='word_1_39' title='bbox 648 412 850 454; x_wconf 85' lang='lat' dir='ltr'>infamiam</span> <span class='ocrx_word' id='word_1_40' title='bbox 870 415 1035 471; x_wconf 82' lang='lat' dir='ltr'>alicujus</span> <span class='ocrx_word' id='word_1_41' title='bbox 1053 414 1287 464; x_wconf 80' lang='lat' dir='ltr'>conscribit,</span> <span class='ocrx_word' id='word_1_42' title='bbox 1305 415 1530 468; x_wconf 83' lang='lat' dir='ltr'>componit,</span> <span class='ocrx_word' id='word_1_43' title='bbox 1545 415 1610 456; x_wconf 88' lang='lat' dir='ltr'>vel</span> <span class='ocrx_word' id='word_1_44' title='bbox 1627 415 1693 456; x_wconf 83' lang='lat' dir='ltr'>edi</span> <span class='ocrx_word' id='word_1_45' title='bbox 1714 426 1844 467; x_wconf 84' lang='lat' dir='ltr'>curat,</span> 
     </span>
     <span class='ocr_line' id='line_1_6' title="bbox 403 479 1283 534; baseline 0.003 -15"><span class='ocrx_word' id='word_1_46' title='bbox 403 480 513 534; x_wconf 86' lang='lat' dir='ltr'>cnjus</span> <span class='ocrx_word' id='word_1_47' title='bbox 534 490 658 532; x_wconf 89' lang='lat' dir='ltr'>poena</span> <span class='ocrx_word' id='word_1_48' title='bbox 675 479 730 519; x_wconf 89' lang='lat' dir='ltr'>est</span> <span class='ocrx_word' id='word_1_49' title='bbox 748 479 941 532; x_wconf 81' lang='lat' dir='ltr'>capitalis.</span> <span class='ocrx_word' id='word_1_50' title='bbox 1278 496 1283 499; x_wconf 64' lang='grc'>”</span> 
     </span>
    </p>
   </div>
   <div class='ocr_carea' id='block_1_3' title="bbox 394 585 1842 731">
    <p class='ocr_par' dir='ltr' id='par_1_3' title="bbox 394 585 1842 731">
     <span class='ocr_line' id='line_1_7' title="bbox 402 585 1841 632; baseline 0.004 -14"><span class='ocrx_word' id='word_1_51' title='bbox 402 586 431 627; x_wconf 55' lang='lat'>23</span> <span class='ocrx_word' id='word_1_52' title='bbox 447 587 475 618; x_wconf 76' lang='grc' dir='ltr'>τὸ</span> <span class='ocrx_word' id='word_1_53' title='bbox 487 585 625 621; x_wconf 63' lang='grc' dir='ltr'>τύππιθια</span> <span class='ocrx_word' id='word_1_54' title='bbox 645 587 698 620; x_wconf 66' lang='lat' dir='ltr'>nix</span> <span class='ocrx_word' id='word_1_55' title='bbox 713 587 863 627; x_wconf 64' lang='grc' dir='ltr'>ἔλῶθέερις</span> <span class='ocrx_word' id='word_1_56' title='bbox 877 590 974 624; x_wconf 54' lang='lat' dir='ltr'>&lt;steron</span> <span class='ocrx_word' id='word_1_57' title='bbox 994 589 1085 631; x_wconf 58' lang='grc' dir='ltr'>καίπερ</span> <span class='ocrx_word' id='word_1_58' title='bbox 1102 589 1116 619; x_wconf 75' lang='lat' dir='ltr'>‘a&#39;</span> <span class='ocrx_word' id='word_1_59' title='bbox 1133 590 1226 625; x_wconf 56' lang='lat' dir='ltr'>Amr,</span> <span class='ocrx_word' id='word_1_60' title='bbox 1250 588 1322 620; x_wconf 61' lang='grc' dir='ltr'>ἀλλὰ</span> <span class='ocrx_word' id='word_1_61' title='bbox 1338 589 1364 619; x_wconf 76' lang='grc' dir='ltr'>τὲ</span> <span class='ocrx_word' id='word_1_62' title='bbox 1382 588 1416 626; x_wconf 76' lang='grc' dir='ltr'>ἐφ’</span> <span class='ocrx_word' id='word_1_63' title='bbox 1432 589 1660 632; x_wconf 52' lang='grc' dir='ltr'>δέρω-Νη</span> <span class='ocrx_word' id='word_1_64' title='bbox 1681 592 1759 626; x_wconf 80' lang='lat' dir='ltr'>enim</span> <span class='ocrx_word' id='word_1_65' title='bbox 1775 601 1841 625; x_wconf 81' lang='lat' dir='ltr'>tam</span> 
     </span>
     <span class='ocr_line' id='line_1_8' title="bbox 394 634 1842 683; baseline 0.003 -14"><span class='ocrx_word' id='word_1_66' title='bbox 394 646 493 680; x_wconf 82' lang='lat' dir='ltr'>grave</span> <span class='ocrx_word' id='word_1_67' title='bbox 521 635 683 669; x_wconf 73' lang='lat' dir='ltr'>hominibus</span> <span class='ocrx_word' id='word_1_68' title='bbox 707 637 846 680; x_wconf 78' lang='lat' dir='ltr'><em>ingenuis</em></span> <span class='ocrx_word' id='word_1_69' title='bbox 872 637 1033 680; x_wconf 79' lang='lat' dir='ltr'>verberari,</span> <span class='ocrx_word' id='word_1_70' title='bbox 1057 649 1229 683; x_wconf 85' lang='lat' dir='ltr'><em>quanquam</em></span> <span class='ocrx_word' id='word_1_71' title='bbox 1245 634 1283 671; x_wconf 59' lang='grc' dir='ltr'>(θ’</span> <span class='ocrx_word' id='word_1_72' title='bbox 1309 637 1360 671; x_wconf 84' lang='lat' dir='ltr'>hoc</span> <span class='ocrx_word' id='word_1_73' title='bbox 1370 648 1481 682; x_wconf 73' lang='lat' dir='ltr'>grave,</span> <span class='ocrx_word' id='word_1_74' title='bbox 1505 648 1595 683; x_wconf 88' lang='lat' dir='ltr'>quam</span> <span class='ocrx_word' id='word_1_75' title='bbox 1617 647 1671 682; x_wconf 85' lang='lat' dir='ltr'>per</span> <span class='ocrx_word' id='word_1_76' title='bbox 1691 647 1842 674; x_wconf 84' lang='lat' dir='ltr'>contume—</span> 
     </span>
     <span class='ocr_line' id='line_1_9' title="bbox 400 682 1207 731; baseline 0.004 -15"><span class='ocrx_word' id='word_1_77' title='bbox 400 685 476 716; x_wconf 84' lang='lat' dir='ltr'>liam</span> <span class='ocrx_word' id='word_1_78' title='bbox 492 682 842 729; x_wconf 74' lang='lat' dir='ltr'>verberari.--Apud</span> <span class='ocrx_word' id='word_1_79' title='bbox 859 683 1036 718; x_wconf 86' lang='lat' dir='ltr'>Caecilium</span> <span class='ocrx_word' id='word_1_80' title='bbox 1054 683 1207 731; x_wconf 85' lang='lat' dir='ltr'>quidam,</span> 
     </span>
    </p>
   </div>
   <div class='ocr_carea' id='block_1_4' title="bbox 735 749 1615 845">
    <p class='ocr_par' dir='ltr' id='par_1_4' title="bbox 735 749 1615 845">
     <span class='ocr_line' id='line_1_10' title="bbox 735 749 1615 797; baseline 0.002 -14"><span class='ocrx_word' id='word_1_81' title='bbox 735 751 836 784; x_wconf 81' lang='lat' dir='ltr'>Facile</span> <span class='ocrx_word' id='word_1_82' title='bbox 852 761 1012 786; x_wconf 75' lang='lat' dir='ltr'>erumnam</span> <span class='ocrx_word' id='word_1_83' title='bbox 1021 751 1106 796; x_wconf 83' lang='lat' dir='ltr'>ferre</span> <span class='ocrx_word' id='word_1_84' title='bbox 1123 749 1243 795; x_wconf 81' lang='lat' dir='ltr'>possum,</span> <span class='ocrx_word' id='word_1_85' title='bbox 1260 749 1287 796; x_wconf 83' lang='lat' dir='ltr'><em>fi</em></span> <span class='ocrx_word' id='word_1_86' title='bbox 1303 750 1371 784; x_wconf 82' lang='lat' dir='ltr'>inde</span> <span class='ocrx_word' id='word_1_87' title='bbox 1388 750 1466 797; x_wconf 81' lang='lat' dir='ltr'>abest</span> <span class='ocrx_word' id='word_1_88' title='bbox 1482 752 1615 795; x_wconf 78' lang='lat' dir='ltr'>Injuria,</span> 
     </span>
     <span class='ocr_line' id='line_1_11' title="bbox 736 797 1610 845; baseline 0 -12"><span class='ocrx_word' id='word_1_89' title='bbox 736 799 901 843; x_wconf 78' lang='lat' dir='ltr'>Etiamque</span> <span class='ocrx_word' id='word_1_90' title='bbox 918 799 1073 842; x_wconf 80' lang='lat' dir='ltr'>injuriam,</span> <span class='ocrx_word' id='word_1_91' title='bbox 1099 799 1151 845; x_wconf 79' lang='lat' dir='ltr'>nisi</span> <span class='ocrx_word' id='word_1_92' title='bbox 1167 806 1272 832; x_wconf 87' lang='lat' dir='ltr'>contra</span> <span class='ocrx_word' id='word_1_93' title='bbox 1289 797 1397 843; x_wconf 83' lang='lat' dir='ltr'>constat</span> <span class='ocrx_word' id='word_1_94' title='bbox 1417 800 1610 834; x_wconf 81' lang='lat' dir='ltr'>contumelia.</span> 
     </span>
    </p>
   </div>
   <div class='ocr_carea' id='block_1_5' title="bbox 399 870 1843 1109">
    <p class='ocr_par' dir='ltr' id='par_1_5' title="bbox 399 870 1843 1109">
     <span class='ocr_line' id='line_1_12' title="bbox 451 870 1841 919; baseline 0.001 -14"><span class='ocrx_word' id='word_1_95' title='bbox 451 871 537 906; x_wconf 88' lang='lat' dir='ltr'>Cum</span> <span class='ocrx_word' id='word_1_96' title='bbox 553 872 627 918; x_wconf 82' lang='lat' dir='ltr'>quis</span> <span class='ocrx_word' id='word_1_97' title='bbox 640 871 803 907; x_wconf 81' lang='lat' dir='ltr'>famosum</span> <span class='ocrx_word' id='word_1_98' title='bbox 823 871 992 916; x_wconf 87' lang='lat' dir='ltr'>libellum,</span> <span class='ocrx_word' id='word_1_99' title='bbox 1019 872 1071 907; x_wconf 88' lang='lat' dir='ltr'>vel</span> <span class='ocrx_word' id='word_1_100' title='bbox 1091 883 1223 906; x_wconf 87' lang='lat' dir='ltr'>carmen</span> <span class='ocrx_word' id='word_1_101' title='bbox 1244 871 1287 906; x_wconf 90' lang='lat' dir='ltr'>ad</span> <span class='ocrx_word' id='word_1_102' title='bbox 1300 870 1469 907; x_wconf 86' lang='lat' dir='ltr'>infamiam</span> <span class='ocrx_word' id='word_1_103' title='bbox 1487 871 1626 919; x_wconf 82' lang='lat' dir='ltr'>alicujus</span> <span class='ocrx_word' id='word_1_104' title='bbox 1643 870 1841 917; x_wconf 82' lang='lat' dir='ltr'>conscribit]</span> 
     </span>
     <span class='ocr_line' id='line_1_13' title="bbox 403 917 1843 966; baseline 0.002 -15"><span class='ocrx_word' id='word_1_105' title='bbox 403 917 585 952; x_wconf 78' lang='lat' dir='ltr'>Nolebant</span> <span class='ocrx_word' id='word_1_106' title='bbox 608 921 756 954; x_wconf 85' lang='lat' dir='ltr'>Romani</span> <span class='ocrx_word' id='word_1_107' title='bbox 776 919 991 954; x_wconf 86' lang='lat' dir='ltr'>honestorum</span> <span class='ocrx_word' id='word_1_108' title='bbox 1018 920 1142 954; x_wconf 88' lang='lat' dir='ltr'>civium</span> <span class='ocrx_word' id='word_1_109' title='bbox 1165 918 1288 953; x_wconf 87' lang='lat' dir='ltr'>famam</span> <span class='ocrx_word' id='word_1_110' title='bbox 1314 920 1494 954; x_wconf 83' lang='lat' dir='ltr'>Poetarum</span> <span class='ocrx_word' id='word_1_111' title='bbox 1512 919 1668 963; x_wconf 84' lang='lat' dir='ltr'>licentiae,</span> <span class='ocrx_word' id='word_1_112' title='bbox 1694 919 1843 966; x_wconf 87' lang='lat' dir='ltr'>petulan-</span> 
     </span>
     <span class='ocr_line' id='line_1_14' title="bbox 402 965 1842 1014; baseline 0.001 -16"><span class='ocrx_word' id='word_1_113' title='bbox 402 966 526 1013; x_wconf 83' lang='lat' dir='ltr'>tiaeque</span> <span class='ocrx_word' id='word_1_114' title='bbox 544 965 609 1000; x_wconf 85' lang='lat' dir='ltr'>effe</span> <span class='ocrx_word' id='word_1_115' title='bbox 632 965 829 1009; x_wconf 84' lang='lat' dir='ltr'>obnoxiam,</span> <span class='ocrx_word' id='word_1_116' title='bbox 854 978 963 1012; x_wconf 90' lang='lat' dir='ltr'>neque</span> <span class='ocrx_word' id='word_1_117' title='bbox 990 965 1150 1014; x_wconf 84' lang='lat' dir='ltr'>probrum</span> <span class='ocrx_word' id='word_1_118' title='bbox 1177 978 1366 1014; x_wconf 88' lang='lat' dir='ltr'>quenquam</span> <span class='ocrx_word' id='word_1_119' title='bbox 1391 965 1521 1009; x_wconf 86' lang='lat' dir='ltr'>audire,</span> <span class='ocrx_word' id='word_1_120' title='bbox 1548 965 1608 1000; x_wconf 86' lang='lat' dir='ltr'>nifi</span> <span class='ocrx_word' id='word_1_121' title='bbox 1627 979 1665 1001; x_wconf 86' lang='lat' dir='ltr'>ea</span> <span class='ocrx_word' id='word_1_122' title='bbox 1691 967 1779 1010; x_wconf 85' lang='lat' dir='ltr'>lege,</span> <span class='ocrx_word' id='word_1_123' title='bbox 1804 976 1842 1000; x_wconf 93' lang='lat' dir='ltr'>ut</span> 
     </span>
     <span class='ocr_line' id='line_1_15' title="bbox 403 1010 1840 1060; baseline 0 -14"><span class='ocrx_word' id='word_1_124' title='bbox 403 1010 604 1059; x_wconf 85' lang='lat' dir='ltr'>respondere</span> <span class='ocrx_word' id='word_1_125' title='bbox 619 1012 751 1056; x_wconf 83' lang='lat' dir='ltr'>liceret,</span> <span class='ocrx_word' id='word_1_126' title='bbox 779 1017 816 1048; x_wconf 74' lang='grc' dir='ltr'>δε</span> <span class='ocrx_word' id='word_1_127' title='bbox 835 1014 869 1047; x_wconf 90' lang='lat' dir='ltr'>in</span> <span class='ocrx_word' id='word_1_128' title='bbox 884 1013 1018 1060; x_wconf 86' lang='lat' dir='ltr'>judicio</span> <span class='ocrx_word' id='word_1_129' title='bbox 1034 1011 1233 1048; x_wconf 85' lang='lat' dir='ltr'>defendere.</span> <span class='ocrx_word' id='word_1_130' title='bbox 1284 1015 1318 1048; x_wconf 89' lang='lat' dir='ltr'>Si</span> <span class='ocrx_word' id='word_1_131' title='bbox 1334 1015 1410 1060; x_wconf 84' lang='lat' dir='ltr'>quis</span> <span class='ocrx_word' id='word_1_132' title='bbox 1427 1025 1509 1057; x_wconf 86' lang='lat' dir='ltr'>crgo</span> <span class='ocrx_word' id='word_1_133' title='bbox 1524 1023 1592 1047; x_wconf 87' lang='lat' dir='ltr'>tam</span> <span class='ocrx_word' id='word_1_134' title='bbox 1609 1012 1771 1058; x_wconf 72' lang='lat' dir='ltr'>insignem</span> <span class='ocrx_word' id='word_1_135' title='bbox 1790 1014 1840 1047; x_wconf 93' lang='lat' dir='ltr'>in-</span> 
     </span>
     <span class='ocr_line' id='line_1_16' title="bbox 399 1059 1837 1109; baseline 0 -15"><span class='ocrx_word' id='word_1_136' title='bbox 399 1060 524 1106; x_wconf 84' lang='lat' dir='ltr'>juriam</span> <span class='ocrx_word' id='word_1_137' title='bbox 541 1062 702 1107; x_wconf 87' lang='lat' dir='ltr'>cuiquam</span> <span class='ocrx_word' id='word_1_138' title='bbox 721 1059 894 1102; x_wconf 78' lang='lat' dir='ltr'>intulisset,</span> <span class='ocrx_word' id='word_1_139' title='bbox 921 1072 1031 1096; x_wconf 71' lang='lat' dir='ltr'>Fvsrt</span> <span class='ocrx_word' id='word_1_140' title='bbox 1051 1059 1245 1095; x_wconf 86' lang='lat' dir='ltr'>feriebatur.</span> <span class='ocrx_word' id='word_1_141' title='bbox 1298 1060 1378 1108; x_wconf 81' lang='lat' dir='ltr'>Qa</span> <span class='ocrx_word' id='word_1_142' title='bbox 1396 1060 1439 1095; x_wconf 89' lang='lat' dir='ltr'>de</span> <span class='ocrx_word' id='word_1_143' title='bbox 1457 1072 1491 1094; x_wconf 86' lang='lat' dir='ltr'>re</span> <span class='ocrx_word' id='word_1_144' title='bbox 1506 1062 1628 1095; x_wconf 82' lang='lat' dir='ltr'>Horat.</span> <span class='ocrx_word' id='word_1_145' title='bbox 1643 1061 1794 1109; x_wconf 87' lang='lat' dir='ltr'>Epist.11.</span> <span class='ocrx_word' id='word_1_146' title='bbox 1808 1071 1837 1095; x_wconf 84' lang='lat'>1.</span> 
     </span>
    </p>
   </div>
   <div class='ocr_carea' id='block_1_6' title="bbox 401 1119 1746 1342">
    <p class='ocr_par' dir='ltr' id='par_1_6' title="bbox 736 1119 1746 1305">
     <span class='ocr_line' id='line_1_17' title="bbox 1324 1119 1575 1153; baseline 0 -1"><span class='ocrx_word' id='word_1_147' title='bbox 1324 1120 1376 1153; x_wconf 81' lang='lat' dir='ltr'>uin</span> <span class='ocrx_word' id='word_1_148' title='bbox 1396 1120 1490 1153; x_wconf 79' lang='lat' dir='ltr'>etiam</span> <span class='ocrx_word' id='word_1_149' title='bbox 1507 1119 1575 1153; x_wconf 77' lang='lat' dir='ltr'>Lex</span> 
     </span>
     <span class='ocr_line' id='line_1_18' title="bbox 738 1164 1746 1212; baseline 0.002 -13"><span class='ocrx_word' id='word_1_150' title='bbox 738 1168 886 1210; x_wconf 82' lang='lat' dir='ltr'>Paenaque</span> <span class='ocrx_word' id='word_1_151' title='bbox 903 1167 983 1206; x_wconf 87' lang='lat' dir='ltr'>lata,</span> <span class='ocrx_word' id='word_1_152' title='bbox 1004 1164 1144 1199; x_wconf 89' lang='lat' dir='ltr'><em>MALO</em></span> <span class='ocrx_word' id='word_1_153' title='bbox 1161 1177 1221 1210; x_wconf 75' lang='lat' dir='ltr'>qua</span> <span class='ocrx_word' id='word_1_154' title='bbox 1239 1167 1324 1199; x_wconf 77' lang='lat' dir='ltr'>nollet</span> <span class='ocrx_word' id='word_1_155' title='bbox 1340 1165 1553 1200; x_wconf 85' lang='lat' dir='ltr'>CARMINE</span> <span class='ocrx_word' id='word_1_156' title='bbox 1578 1177 1746 1212; x_wconf 80' lang='lat' dir='ltr'>quenquam</span> 
     </span>
     <span class='ocr_line' id='line_1_19' title="bbox 737 1211 1563 1257; baseline 0.004 -12"><span class='ocrx_word' id='word_1_157' title='bbox 737 1211 900 1257; x_wconf 80' lang='lat' dir='ltr'>Describi3</span> <span class='ocrx_word' id='word_1_158' title='bbox 927 1221 1042 1246; x_wconf 77' lang='lat' dir='ltr'>vertere</span> <span class='ocrx_word' id='word_1_159' title='bbox 1060 1213 1187 1254; x_wconf 84' lang='lat' dir='ltr'>modum,</span> <span class='ocrx_word' id='word_1_160' title='bbox 1206 1211 1366 1256; x_wconf 78' lang='lat' dir='ltr'>formidine</span> <span class='ocrx_word' id='word_1_161' title='bbox 1387 1215 1412 1247; x_wconf 90' lang='lat' dir='ltr'><em>F</em></span> <span class='ocrx_word' id='word_1_162' title='bbox 1416 1213 1471 1247; x_wconf 88' lang='lat' dir='ltr'>VS</span> <span class='ocrx_word' id='word_1_163' title='bbox 1479 1214 1563 1248; x_wconf 85' lang='lat' dir='ltr'>TIS</span> 
     </span>
     <span class='ocr_line' id='line_1_20' title="bbox 736 1260 1486 1305; baseline 0 -11"><span class='ocrx_word' id='word_1_164' title='bbox 736 1261 789 1294; x_wconf 80' lang='lat' dir='ltr'>Ad</span> <span class='ocrx_word' id='word_1_165' title='bbox 805 1260 876 1293; x_wconf 85' lang='lat' dir='ltr'>bene</span> <span class='ocrx_word' id='word_1_166' title='bbox 892 1260 1062 1301; x_wconf 75' lang='lat' dir='ltr'>dicendum,</span> <span class='ocrx_word' id='word_1_167' title='bbox 1085 1261 1347 1305; x_wconf 63' lang='lat' dir='ltr'>delec‘tandumque</span> <span class='ocrx_word' id='word_1_168' title='bbox 1363 1261 1486 1294; x_wconf 67' lang='lat' dir='ltr'>redaffi.</span> 
     </span>
    </p>

    <p class='ocr_par' dir='ltr' id='par_1_7' title="bbox 401 1304 768 1342">
     <span class='ocr_line' id='line_1_21' title="bbox 401 1304 768 1342; baseline -0.005 0"><span class='ocrx_word' id='word_1_169' title='bbox 401 1304 501 1342; x_wconf 87' lang='lat' dir='ltr'>Idem</span> <span class='ocrx_word' id='word_1_170' title='bbox 517 1305 561 1341; x_wconf 91' lang='lat' dir='ltr'>de</span> <span class='ocrx_word' id='word_1_171' title='bbox 578 1305 657 1341; x_wconf 84' lang='lat' dir='ltr'>Arte</span> <span class='ocrx_word' id='word_1_172' title='bbox 670 1306 768 1340; x_wconf 90' lang='lat' dir='ltr'>Poet.</span> 
     </span>
    </p>
   </div>
   <div class='ocr_carea' id='block_1_7' title="bbox 1149 1139 1275 1146">
    <p class='ocr_par' dir='ltr' id='par_1_8' title="bbox 1149 1139 1275 1146">
     <span class='ocr_line' id='line_1_22' title="bbox 1149 1139 1275 1146; baseline 0 1666"><span class='ocrx_word' id='word_1_173' title='bbox 1149 1139 1275 1146; x_wconf 95' lang='lat' dir='ltr'> </span> 
     </span>
    </p>
   </div>
   <div class='ocr_carea' id='block_1_8' title="bbox 736 1353 1670 1447">
    <p class='ocr_par' dir='ltr' id='par_1_9' title="bbox 736 1353 1670 1447">
     <span class='ocr_line' id='line_1_23' title="bbox 1072 1353 1670 1396; baseline 0 -8"><span class='ocrx_word' id='word_1_174' title='bbox 1072 1355 1108 1388; x_wconf 87' lang='lat' dir='ltr'>In</span> <span class='ocrx_word' id='word_1_175' title='bbox 1124 1355 1231 1389; x_wconf 79' lang='lat' dir='ltr'>vitium</span> <span class='ocrx_word' id='word_1_176' title='bbox 1249 1354 1390 1388; x_wconf 71' lang='lat' dir='ltr'>Libertas</span> <span class='ocrx_word' id='word_1_177' title='bbox 1407 1354 1533 1396; x_wconf 80' lang='lat' dir='ltr'>excidit,</span> <span class='ocrx_word' id='word_1_178' title='bbox 1557 1353 1594 1388; x_wconf 58' lang='grc' dir='ltr'>ά</span> <span class='ocrx_word' id='word_1_179' title='bbox 1611 1356 1670 1389; x_wconf 70' lang='lat' dir='ltr'>vim</span> 
     </span>
     <span class='ocr_line' id='line_1_24' title="bbox 736 1400 1120 1447; baseline -0.003 -12"><span class='ocrx_word' id='word_1_180' title='bbox 736 1401 875 1447; x_wconf 78' lang='lat' dir='ltr'>Dignam</span> <span class='ocrx_word' id='word_1_181' title='bbox 891 1400 1020 1437; x_wconf 88' lang='lat' dir='ltr'><strong><em>LEGE</em></strong></span> <span class='ocrx_word' id='word_1_182' title='bbox 1046 1404 1120 1446; x_wconf 78' lang='lat' dir='ltr'>regi.</span> 
     </span>
    </p>
   </div>
   <div class='ocr_carea' id='block_1_9' title="bbox 402 1463 1842 2124">
    <p class='ocr_par' dir='ltr' id='par_1_10' title="bbox 402 1463 1842 2124">
     <span class='ocr_line' id='line_1_25' title="bbox 403 1463 1837 1512; baseline 0.001 -12"><span class='ocrx_word' id='word_1_183' title='bbox 403 1466 556 1500; x_wconf 85' lang='lat' dir='ltr'>Romani</span> <span class='ocrx_word' id='word_1_184' title='bbox 570 1476 660 1508; x_wconf 84' lang='lat' dir='ltr'>ver0,</span> <span class='ocrx_word' id='word_1_185' title='bbox 687 1477 759 1512; x_wconf 91' lang='lat' dir='ltr'>quo</span> <span class='ocrx_word' id='word_1_186' title='bbox 772 1466 899 1501; x_wconf 82' lang='lat' dir='ltr'>Graecis</span> <span class='ocrx_word' id='word_1_187' title='bbox 917 1465 1140 1508; x_wconf 82' lang='lat' dir='ltr'>honestiores,</span> <span class='ocrx_word' id='word_1_188' title='bbox 1164 1467 1211 1500; x_wconf 86' lang='lat' dir='ltr'>ita</span> <span class='ocrx_word' id='word_1_189' title='bbox 1229 1465 1409 1501; x_wconf 81' lang='lat' dir='ltr'>severiores</span> <span class='ocrx_word' id='word_1_190' title='bbox 1427 1464 1543 1500; x_wconf 87' lang='lat' dir='ltr'>alicnae</span> <span class='ocrx_word' id='word_1_191' title='bbox 1558 1463 1656 1499; x_wconf 79' lang='lat' dir='ltr'>famae</span> <span class='ocrx_word' id='word_1_192' title='bbox 1678 1465 1837 1501; x_wconf 86' lang='lat' dir='ltr'>vindices·</span> 
     </span>
     <span class='ocr_line' id='line_1_26' title="bbox 403 1511 1842 1560; baseline -0.001 -13"><span class='ocrx_word' id='word_1_193' title='bbox 403 1511 504 1560; x_wconf 86' lang='lat' dir='ltr'>Apud</span> <span class='ocrx_word' id='word_1_194' title='bbox 527 1514 661 1547; x_wconf 84' lang='lat' dir='ltr'>Graecos</span> <span class='ocrx_word' id='word_1_195' title='bbox 677 1513 768 1547; x_wconf 88' lang='lat' dir='ltr'>enim</span> <span class='ocrx_word' id='word_1_196' title='bbox 793 1525 860 1548; x_wconf 91' lang='lat' dir='ltr'>non</span> <span class='ocrx_word' id='word_1_197' title='bbox 880 1513 1023 1547; x_wconf 84' lang='lat' dir='ltr'>humiles</span> <span class='ocrx_word' id='word_1_198' title='bbox 1039 1513 1157 1554; x_wconf 84' lang='lat' dir='ltr'>modo,</span> <span class='ocrx_word' id='word_1_199' title='bbox 1183 1512 1241 1546; x_wconf 90' lang='lat' dir='ltr'>sed</span> <span class='ocrx_word' id='word_1_200' title='bbox 1258 1516 1295 1547; x_wconf 92' lang='lat'>&amp;</span> <span class='ocrx_word' id='word_1_201' title='bbox 1323 1524 1476 1559; x_wconf 85' lang='lat' dir='ltr'>proceres</span> <span class='ocrx_word' id='word_1_202' title='bbox 1497 1511 1655 1558; x_wconf 88' lang='lat' dir='ltr'>patebant</span> <span class='ocrx_word' id='word_1_203' title='bbox 1683 1513 1842 1550; x_wconf 61' lang='lat' dir='ltr'>licentiae,</span> 
     </span>
     <span class='ocr_line' id='line_1_27' title="bbox 403 1559 1840 1607; baseline 0.001 -13"><span class='ocrx_word' id='word_1_204' title='bbox 403 1563 441 1594; x_wconf 89' lang='lat'>&amp;</span> <span class='ocrx_word' id='word_1_205' title='bbox 459 1559 652 1606; x_wconf 75' lang='lat' dir='ltr'>petulantiae</span> <span class='ocrx_word' id='word_1_206' title='bbox 668 1560 858 1602; x_wconf 85' lang='lat' dir='ltr'>Poetarum,</span> <span class='ocrx_word' id='word_1_207' title='bbox 884 1561 1051 1606; x_wconf 78' lang='lat' dir='ltr'>praecipue</span> <span class='ocrx_word' id='word_1_208' title='bbox 1068 1560 1302 1602; x_wconf 83' lang='lat' dir='ltr'>comicorum,</span> <span class='ocrx_word' id='word_1_209' title='bbox 1328 1561 1386 1606; x_wconf 85' lang='lat' dir='ltr'>qui</span> <span class='ocrx_word' id='word_1_210' title='bbox 1406 1560 1578 1606; x_wconf 77' lang='lat' dir='ltr'>perlonam</span> <span class='ocrx_word' id='word_1_211' title='bbox 1605 1559 1746 1594; x_wconf 84' lang='lat' dir='ltr'>alienam</span> <span class='ocrx_word' id='word_1_212' title='bbox 1764 1573 1840 1607; x_wconf 87' lang='lat' dir='ltr'>pro-</span> 
     </span>
     <span class='ocr_line' id='line_1_28' title="bbox 403 1604 1838 1651; baseline 0.002 -12"><span class='ocrx_word' id='word_1_213' title='bbox 403 1604 583 1641; x_wconf 85' lang='lat' dir='ltr'>trahebant</span> <span class='ocrx_word' id='word_1_214' title='bbox 598 1608 631 1640; x_wconf 90' lang='lat' dir='ltr'>in</span> <span class='ocrx_word' id='word_1_215' title='bbox 649 1606 787 1640; x_wconf 89' lang='lat' dir='ltr'>Scenam</span> <span class='ocrx_word' id='word_1_216' title='bbox 805 1605 937 1651; x_wconf 74' lang='lat' dir='ltr'>publice</span> <span class='ocrx_word' id='word_1_217' title='bbox 959 1605 1110 1640; x_wconf 88' lang='lat' dir='ltr'>ludibrio</span> <span class='ocrx_word' id='word_1_218' title='bbox 1125 1605 1329 1648; x_wconf 86' lang='lat' dir='ltr'>habendam,</span> <span class='ocrx_word' id='word_1_219' title='bbox 1356 1610 1393 1641; x_wconf 91' lang='lat'>&amp;</span> <span class='ocrx_word' id='word_1_220' title='bbox 1408 1606 1572 1640; x_wconf 89' lang='lat' dir='ltr'>conviciis</span> <span class='ocrx_word' id='word_1_221' title='bbox 1590 1606 1838 1649; x_wconf 84' lang='lat' dir='ltr'>exagitandam.</span> 
     </span>
     <span class='ocr_line' id='line_1_29' title="bbox 403 1652 1841 1700; baseline 0.001 -13"><span class='ocrx_word' id='word_1_222' title='bbox 403 1654 484 1687; x_wconf 92' lang='lat' dir='ltr'>Nec</span> <span class='ocrx_word' id='word_1_223' title='bbox 502 1652 736 1696; x_wconf 86' lang='lat' dir='ltr'>Magistratum</span> <span class='ocrx_word' id='word_1_224' title='bbox 756 1654 863 1700; x_wconf 88' lang='lat' dir='ltr'>ipsum</span> <span class='ocrx_word' id='word_1_225' title='bbox 879 1652 1088 1688; x_wconf 85' lang='lat' dir='ltr'>verebantur.</span> <span class='ocrx_word' id='word_1_226' title='bbox 1140 1653 1232 1687; x_wconf 86' lang='lat' dir='ltr'>Nam</span> <span class='ocrx_word' id='word_1_227' title='bbox 1248 1653 1467 1699; x_wconf 82' lang='lat' dir='ltr'>Aristophanes,</span> <span class='ocrx_word' id='word_1_228' title='bbox 1493 1664 1568 1686; x_wconf 87' lang='lat' dir='ltr'>cum</span> <span class='ocrx_word' id='word_1_229' title='bbox 1587 1655 1725 1688; x_wconf 77' lang='lat' dir='ltr'>Cleonem</span> <span class='ocrx_word' id='word_1_230' title='bbox 1749 1657 1841 1700; x_wconf 86' lang='lat' dir='ltr'>prin—</span> 
     </span>
     <span class='ocr_line' id='line_1_30' title="bbox 403 1698 1840 1747; baseline 0.001 -13"><span class='ocrx_word' id='word_1_231' title='bbox 403 1701 514 1746; x_wconf 86' lang='lat' dir='ltr'>cipem</span> <span class='ocrx_word' id='word_1_232' title='bbox 530 1709 601 1733; x_wconf 90' lang='lat' dir='ltr'>tum</span> <span class='ocrx_word' id='word_1_233' title='bbox 619 1700 767 1733; x_wconf 88' lang='lat' dir='ltr'>civitatis</span> <span class='ocrx_word' id='word_1_234' title='bbox 786 1701 821 1734; x_wconf 89' lang='lat' dir='ltr'>in</span> <span class='ocrx_word' id='word_1_235' title='bbox 835 1701 974 1735; x_wconf 85' lang='lat' dir='ltr'>Scenam</span> <span class='ocrx_word' id='word_1_236' title='bbox 993 1699 1184 1742; x_wconf 75' lang='lat' dir='ltr'>induxisset,</span> <span class='ocrx_word' id='word_1_237' title='bbox 1210 1704 1247 1735; x_wconf 92' lang='lat'>&amp;</span> <span class='ocrx_word' id='word_1_238' title='bbox 1272 1712 1336 1747; x_wconf 84' lang='lat' dir='ltr'>prae</span> <span class='ocrx_word' id='word_1_239' title='bbox 1361 1700 1544 1735; x_wconf 88' lang='lat' dir='ltr'>reverentia</span> <span class='ocrx_word' id='word_1_240' title='bbox 1561 1698 1594 1734; x_wconf 92' lang='lat'>&amp;</span> <span class='ocrx_word' id='word_1_241' title='bbox 1621 1710 1713 1734; x_wconf 89' lang='lat' dir='ltr'>metu</span> <span class='ocrx_word' id='word_1_242' title='bbox 1739 1714 1840 1736; x_wconf 88' lang='lat' dir='ltr'>nemo</span> 
     </span>
     <span class='ocr_line' id='line_1_31' title="bbox 402 1746 1841 1794; baseline 0.001 -13"><span class='ocrx_word' id='word_1_243' title='bbox 402 1747 606 1781; x_wconf 81' lang='lat' dir='ltr'>Histrionem</span> <span class='ocrx_word' id='word_1_244' title='bbox 624 1759 701 1780; x_wconf 88' lang='lat' dir='ltr'>eum</span> <span class='ocrx_word' id='word_1_245' title='bbox 717 1746 860 1781; x_wconf 89' lang='lat' dir='ltr'>reddere</span> <span class='ocrx_word' id='word_1_246' title='bbox 876 1747 990 1790; x_wconf 89' lang='lat' dir='ltr'>vellet,</span> <span class='ocrx_word' id='word_1_247' title='bbox 1012 1746 1153 1794; x_wconf 88' lang='lat' dir='ltr'>ipsemet</span> <span class='ocrx_word' id='word_1_248' title='bbox 1167 1748 1268 1782; x_wconf 88' lang='lat' dir='ltr'>Poeta</span> <span class='ocrx_word' id='word_1_249' title='bbox 1281 1749 1419 1783; x_wconf 83' lang='lat' dir='ltr'>Cleonem</span> <span class='ocrx_word' id='word_1_250' title='bbox 1437 1748 1521 1791; x_wconf 86' lang='lat' dir='ltr'>egit,</span> <span class='ocrx_word' id='word_1_251' title='bbox 1548 1750 1698 1793; x_wconf 82' lang='lat' dir='ltr'>quamvis</span> <span class='ocrx_word' id='word_1_252' title='bbox 1717 1750 1841 1783; x_wconf 82' lang='lat' dir='ltr'>vetusta</span> 
     </span>
     <span class='ocr_line' id='line_1_32' title="bbox 403 1792 1840 1842; baseline 0.002 -14"><span class='ocrx_word' id='word_1_253' title='bbox 403 1796 477 1829; x_wconf 89' lang='lat' dir='ltr'>Lex</span> <span class='ocrx_word' id='word_1_254' title='bbox 505 1792 705 1842; x_wconf 86' lang='lat' dir='ltr'>prohiberet</span> <span class='ocrx_word' id='word_1_255' title='bbox 730 1797 781 1826; x_wconf 72' lang='grc' dir='ltr'>Τδν</span> <span class='ocrx_word' id='word_1_256' title='bbox 804 1795 932 1839; x_wconf 62' lang='grc' dir='ltr'>Ἀςρρνπι</span> <span class='ocrx_word' id='word_1_257' title='bbox 953 1795 1058 1836; x_wconf 59' lang='grc' dir='ltr'>φανεραῖς</span> <span class='ocrx_word' id='word_1_258' title='bbox 1079 1795 1234 1836; x_wconf 59' lang='grc' dir='ltr'><em>κωμωδὶῐν.</em></span> <span class='ocrx_word' id='word_1_259' title='bbox 1286 1793 1505 1840; x_wconf 79' lang='lat' dir='ltr'>Magistratum</span> <span class='ocrx_word' id='word_1_260' title='bbox 1523 1796 1554 1828; x_wconf 82' lang='lat' dir='ltr'>in</span> <span class='ocrx_word' id='word_1_261' title='bbox 1571 1796 1720 1829; x_wconf 83' lang='lat' dir='ltr'>Comoedia</span> <span class='ocrx_word' id='word_1_262' title='bbox 1732 1799 1840 1841; x_wconf 81' lang='lat' dir='ltr'>palam</span> 
     </span>
     <span class='ocr_line' id='line_1_33' title="bbox 402 1840 1840 1887; baseline 0.001 -10"><span class='ocrx_word' id='word_1_263' title='bbox 402 1852 535 1887; x_wconf 82' lang='lat' dir='ltr'>carpere.</span> <span class='ocrx_word' id='word_1_264' title='bbox 588 1840 762 1876; x_wconf 88' lang='lat' dir='ltr'>Gliscente</span> <span class='ocrx_word' id='word_1_265' title='bbox 789 1853 901 1878; x_wconf 87' lang='lat' dir='ltr'>autem</span> <span class='ocrx_word' id='word_1_266' title='bbox 928 1842 1039 1877; x_wconf 88' lang='lat' dir='ltr'>indies</span> <span class='ocrx_word' id='word_1_267' title='bbox 1067 1842 1180 1878; x_wconf 89' lang='lat' dir='ltr'>furore</span> <span class='ocrx_word' id='word_1_268' title='bbox 1195 1844 1389 1886; x_wconf 86' lang='lat' dir='ltr'>Poetarum,</span> <span class='ocrx_word' id='word_1_269' title='bbox 1411 1842 1552 1876; x_wconf 88' lang='lat' dir='ltr'>vetitum</span> <span class='ocrx_word' id='word_1_270' title='bbox 1582 1841 1648 1876; x_wconf 89' lang='lat' dir='ltr'>fuit</span> <span class='ocrx_word' id='word_1_271' title='bbox 1663 1846 1840 1878; x_wconf 75' lang='lat' dir='ltr'>nominatim</span> 
     </span>
     <span class='ocr_line' id='line_1_34' title="bbox 403 1887 1840 1936; baseline 0.002 -14"><span class='ocrx_word' id='word_1_272' title='bbox 403 1887 552 1934; x_wconf 85' lang='lat' dir='ltr'>aliquem</span> <span class='ocrx_word' id='word_1_273' title='bbox 580 1889 614 1922; x_wconf 91' lang='lat' dir='ltr'>in</span> <span class='ocrx_word' id='word_1_274' title='bbox 641 1888 823 1923; x_wconf 90' lang='lat' dir='ltr'>Comoedia</span> <span class='ocrx_word' id='word_1_275' title='bbox 850 1890 1072 1936; x_wconf 82' lang='lat' dir='ltr'>perstringere</span> <span class='ocrx_word' id='word_1_276' title='bbox 1157 1891 1203 1923; x_wconf 61' lang='grc' dir='ltr'>Μὴ</span> <span class='ocrx_word' id='word_1_277' title='bbox 1228 1889 1369 1931; x_wconf 58' lang='grc' dir='ltr'><em>κωμωέὶῖν</em></span> <span class='ocrx_word' id='word_1_278' title='bbox 1392 1891 1420 1933; x_wconf 77' lang='grc' dir='ltr'>ἐξ</span> <span class='ocrx_word' id='word_1_279' title='bbox 1442 1889 1840 1936; x_wconf 59' lang='grc' dir='ltr'>ὃνὸματω.--(Σιιωε]ιιε</span> 
     </span>
     <span class='ocr_line' id='line_1_35' title="bbox 404 1933 1840 1984; baseline 0.001 -14"><span class='ocrx_word' id='word_1_280' title='bbox 404 1948 446 1970; x_wconf 89' lang='lat' dir='ltr'>ne</span> <span class='ocrx_word' id='word_1_281' title='bbox 466 1933 508 1969; x_wconf 89' lang='lat' dir='ltr'>fic</span> <span class='ocrx_word' id='word_1_282' title='bbox 526 1934 668 1982; x_wconf 88' lang='lat' dir='ltr'>quidem</span> <span class='ocrx_word' id='word_1_283' title='bbox 686 1936 820 1970; x_wconf 87' lang='lat' dir='ltr'>effraena</span> <span class='ocrx_word' id='word_1_284' title='bbox 844 1937 1081 1972; x_wconf 89' lang='lat' dir='ltr'>maledicentia</span> <span class='ocrx_word' id='word_1_285' title='bbox 1104 1935 1353 1980; x_wconf 85' lang='lat' dir='ltr'>conticesceret,</span> <span class='ocrx_word' id='word_1_286' title='bbox 1379 1938 1532 1984; x_wconf 87' lang='lat' dir='ltr'>oportuit</span> <span class='ocrx_word' id='word_1_287' title='bbox 1555 1935 1597 1971; x_wconf 83' lang='lat' dir='ltr'>ab</span> <span class='ocrx_word' id='word_1_288' title='bbox 1615 1936 1725 1970; x_wconf 88' lang='lat' dir='ltr'>radice</span> <span class='ocrx_word' id='word_1_289' title='bbox 1743 1948 1840 1984; x_wconf 81' lang='lat' dir='ltr'>petu-</span> 
     </span>
     <span class='ocr_line' id='line_1_36' title="bbox 403 1982 1839 2031; baseline 0 -13"><span class='ocrx_word' id='word_1_290' title='bbox 403 1983 542 2018; x_wconf 88' lang='lat' dir='ltr'>lantiam</span> <span class='ocrx_word' id='word_1_291' title='bbox 562 1982 770 2025; x_wconf 86' lang='lat' dir='ltr'>exscindere,</span> <span class='ocrx_word' id='word_1_292' title='bbox 794 1982 922 2019; x_wconf 66' lang='lat' dir='ltr'>sublata</span> <span class='ocrx_word' id='word_1_293' title='bbox 938 1984 1119 2019; x_wconf 88' lang='lat' dir='ltr'>Comoedia</span> <span class='ocrx_word' id='word_1_294' title='bbox 1136 1984 1209 2028; x_wconf 89' lang='lat' dir='ltr'>illa,</span> <span class='ocrx_word' id='word_1_295' title='bbox 1234 1997 1335 2031; x_wconf 89' lang='lat' dir='ltr'>quarn</span> <span class='ocrx_word' id='word_1_296' title='bbox 1359 1983 1519 2030; x_wconf 86' lang='lat' dir='ltr'>deinceps</span> <span class='ocrx_word' id='word_1_297' title='bbox 1539 1996 1708 2019; x_wconf 63' lang='lat' dir='ltr'>viz-renem</span> <span class='ocrx_word' id='word_1_298' title='bbox 1725 1985 1839 2031; x_wconf 87' lang='lat' dir='ltr'>appel-</span> 
     </span>
     <span class='ocr_line' id='line_1_37' title="bbox 403 2029 1839 2079; baseline 0.002 -15"><span class='ocrx_word' id='word_1_299' title='bbox 403 2030 527 2072; x_wconf 89' lang='lat' dir='ltr'>larunt,</span> <span class='ocrx_word' id='word_1_300' title='bbox 552 2039 590 2064; x_wconf 90' lang='lat' dir='ltr'>ut</span> <span class='ocrx_word' id='word_1_301' title='bbox 609 2042 681 2065; x_wconf 87' lang='lat' dir='ltr'>eam</span> <span class='ocrx_word' id='word_1_302' title='bbox 701 2029 943 2074; x_wconf 83' lang='lat' dir='ltr'>distinguerent</span> <span class='ocrx_word' id='word_1_303' title='bbox 959 2044 977 2066; x_wconf 85' lang='lat' dir='ltr'>a</span> <span class='ocrx_word' id='word_1_304' title='bbox 995 2044 1109 2076; x_wconf 56' lang='lat' dir='ltr'>Nova,</span> <span class='ocrx_word' id='word_1_305' title='bbox 1136 2035 1172 2067; x_wconf 93' lang='lat'>&amp;</span> <span class='ocrx_word' id='word_1_306' title='bbox 1191 2032 1386 2079; x_wconf 86' lang='lat' dir='ltr'>pudentiori</span> <span class='ocrx_word' id='word_1_307' title='bbox 1405 2032 1440 2065; x_wconf 86' lang='lat' dir='ltr'>in</span> <span class='ocrx_word' id='word_1_308' title='bbox 1466 2031 1559 2065; x_wconf 86' lang='lat' dir='ltr'>illius</span> <span class='ocrx_word' id='word_1_309' title='bbox 1585 2031 1697 2065; x_wconf 88' lang='lat' dir='ltr'>locum</span> <span class='ocrx_word' id='word_1_310' title='bbox 1726 2030 1839 2067; x_wconf 85' lang='lat' dir='ltr'>substi-</span> 
     </span>
     <span class='ocr_line' id='line_1_38' title="bbox 402 2077 1633 2124; baseline 0 -12"><span class='ocrx_word' id='word_1_311' title='bbox 402 2087 488 2120; x_wconf 87' lang='lat' dir='ltr'>tuta,</span> <span class='ocrx_word' id='word_1_312' title='bbox 513 2078 548 2111; x_wconf 90' lang='lat' dir='ltr'>in</span> <span class='ocrx_word' id='word_1_313' title='bbox 566 2087 632 2123; x_wconf 85' lang='lat' dir='ltr'>qua</span> <span class='ocrx_word' id='word_1_314' title='bbox 649 2077 839 2112; x_wconf 90' lang='lat' dir='ltr'>Menander</span> <span class='ocrx_word' id='word_1_315' title='bbox 855 2080 1001 2114; x_wconf 88' lang='lat' dir='ltr'>maxime</span> <span class='ocrx_word' id='word_1_316' title='bbox 1023 2079 1358 2114; x_wconf 61' lang='lat' dir='ltr'>floruit—Horat.</span> <span class='ocrx_word' id='word_1_317' title='bbox 1379 2078 1455 2113; x_wconf 91' lang='lat' dir='ltr'>Lib.</span> <span class='ocrx_word' id='word_1_318' title='bbox 1472 2089 1502 2112; x_wconf 92' lang='lat'>1.</span> <span class='ocrx_word' id='word_1_319' title='bbox 1519 2078 1588 2113; x_wconf 87' lang='lat' dir='ltr'>Sat.</span> <span class='ocrx_word' id='word_1_320' title='bbox 1601 2090 1633 2124; x_wconf 88' lang='lat'>4.</span> 
     </span>
    </p>
   </div>
   <div class='ocr_carea' id='block_1_10' title="bbox 933 1374 1065 1382">
    <p class='ocr_par' dir='ltr' id='par_1_11' title="bbox 933 1374 1065 1382">
     <span class='ocr_line' id='line_1_39' title="bbox 933 1374 1065 1382; baseline 0 1430"><span class='ocrx_word' id='word_1_321' title='bbox 933 1374 1065 1382; x_wconf 95' lang='lat' dir='ltr'> </span> 
     </span>
    </p>
   </div>
   <div class='ocr_carea' id='block_1_11' title="bbox 1126 1421 1263 1428">
    <p class='ocr_par' dir='ltr' id='par_1_12' title="bbox 1126 1421 1263 1428">
     <span class='ocr_line' id='line_1_40' title="bbox 1126 1421 1263 1428; baseline 0 0"><span class='ocrx_word' id='word_1_322' title='bbox 1126 1421 1263 1428; x_wconf 95' lang='lat' dir='ltr'> </span> 
     </span>
    </p>
   </div>
   <div class='ocr_carea' id='block_1_12' title="bbox 1077 1912 1151 1917">
    <p class='ocr_par' dir='ltr' id='par_1_13' title="bbox 1077 1912 1151 1917">
     <span class='ocr_line' id='line_1_41' title="bbox 1077 1912 1151 1917; baseline 0 0"><span class='ocrx_word' id='word_1_323' title='bbox 1077 1912 1151 1917; x_wconf 95' lang='lat' dir='ltr'> </span> 
     </span>
    </p>
   </div>
   <div class='ocr_carea' id='block_1_13' title="bbox 739 2142 1746 2375">
    <p class='ocr_par' dir='ltr' id='par_1_14' title="bbox 740 2142 1551 2188">
     <span class='ocr_line' id='line_1_42' title="bbox 740 2142 1551 2188; baseline -0.002 -12"><span class='ocrx_word' id='word_1_324' title='bbox 740 2142 863 2185; x_wconf 83' lang='lat' dir='ltr'>Eupolis</span> <span class='ocrx_word' id='word_1_325' title='bbox 881 2151 974 2186; x_wconf 83' lang='lat' dir='ltr'>atque</span> <span class='ocrx_word' id='word_1_326' title='bbox 988 2143 1144 2184; x_wconf 82' lang='lat' dir='ltr'>Cratinus,</span> <span class='ocrx_word' id='word_1_327' title='bbox 1167 2142 1431 2188; x_wconf 81' lang='lat' dir='ltr'>Aristophanesque</span> <span class='ocrx_word' id='word_1_328' title='bbox 1446 2144 1551 2183; x_wconf 66' lang='lat' dir='ltr'>Poeta,</span> 
     </span>
    </p>

    <p class='ocr_par' dir='ltr' id='par_1_15' title="bbox 742 2188 1746 2282">
     <span class='ocr_line' id='line_1_43' title="bbox 743 2188 1746 2235; baseline 0.001 -12"><span class='ocrx_word' id='word_1_329' title='bbox 743 2190 845 2232; x_wconf 86' lang='lat' dir='ltr'>Atque</span> <span class='ocrx_word' id='word_1_330' title='bbox 861 2190 928 2232; x_wconf 73' lang='lat' dir='ltr'>alii,</span> <span class='ocrx_word' id='word_1_331' title='bbox 954 2201 1076 2234; x_wconf 85' lang='lat' dir='ltr'>quorum</span> <span class='ocrx_word' id='word_1_332' title='bbox 1091 2189 1342 2224; x_wconf 88' lang='lat' dir='ltr'>COMOEDIA</span> <span class='ocrx_word' id='word_1_333' title='bbox 1367 2190 1522 2224; x_wconf 83' lang='lat' dir='ltr'>PRISCA</span> <span class='ocrx_word' id='word_1_334' title='bbox 1539 2191 1667 2224; x_wconf 79' lang='lat' dir='ltr'>virorum</span> <span class='ocrx_word' id='word_1_335' title='bbox 1685 2188 1723 2235; x_wconf 76' lang='lat' dir='ltr'>est</span> <span class='ocrx_word' id='word_1_336' title='bbox 1736 2205 1746 2224; x_wconf 84' lang='lat'>.-</span> 
     </span>
     <span class='ocr_line' id='line_1_44' title="bbox 742 2235 1600 2282; baseline 0 -12"><span class='ocrx_word' id='word_1_337' title='bbox 742 2237 776 2270; x_wconf 74' lang='lat' dir='ltr'>Si</span> <span class='ocrx_word' id='word_1_338' title='bbox 793 2236 859 2280; x_wconf 80' lang='lat' dir='ltr'>quis</span> <span class='ocrx_word' id='word_1_339' title='bbox 875 2245 942 2270; x_wconf 77' lang='lat' dir='ltr'>erat</span> <span class='ocrx_word' id='word_1_340' title='bbox 961 2237 1065 2280; x_wconf 84' lang='lat' dir='ltr'>dignus</span> <span class='ocrx_word' id='word_1_341' title='bbox 1080 2235 1215 2281; x_wconf 78' lang='lat' dir='ltr'>describi,</span> <span class='ocrx_word' id='word_1_342' title='bbox 1240 2237 1317 2282; x_wconf 81' lang='lat' dir='ltr'>quod</span> <span class='ocrx_word' id='word_1_343' title='bbox 1330 2239 1437 2278; x_wconf 85' lang='lat' dir='ltr'>malus,</span> <span class='ocrx_word' id='word_1_344' title='bbox 1464 2246 1517 2271; x_wconf 86' lang='lat' dir='ltr'>aut</span> <span class='ocrx_word' id='word_1_345' title='bbox 1530 2237 1600 2280; x_wconf 86' lang='lat' dir='ltr'>Fur,</span> 
     </span>
    </p>

    <p class='ocr_par' dir='ltr' id='par_1_16' title="bbox 740 2282 1525 2330">
     <span class='ocr_line' id='line_1_45' title="bbox 740 2282 1525 2330; baseline 0.004 -14"><span class='ocrx_word' id='word_1_346' title='bbox 740 2282 837 2330; x_wconf 76' lang='lat' dir='ltr'>Qod</span> <span class='ocrx_word' id='word_1_347' title='bbox 850 2284 970 2318; x_wconf 71' lang='lat' dir='ltr'>machus</span> <span class='ocrx_word' id='word_1_348' title='bbox 980 2282 1072 2328; x_wconf 82' lang='lat' dir='ltr'>foret,</span> <span class='ocrx_word' id='word_1_349' title='bbox 1098 2293 1153 2318; x_wconf 84' lang='lat' dir='ltr'>aut</span> <span class='ocrx_word' id='word_1_350' title='bbox 1169 2285 1317 2323; x_wconf 77' lang='lat' dir='ltr'>Sicarius,</span> <span class='ocrx_word' id='word_1_351' title='bbox 1340 2293 1396 2317; x_wconf 85' lang='lat' dir='ltr'>aut</span> <span class='ocrx_word' id='word_1_352' title='bbox 1413 2285 1525 2330; x_wconf 74' lang='lat' dir='ltr'>alioqui</span> 
     </span>
    </p>

    <p class='ocr_par' dir='ltr' id='par_1_17' title="bbox 739 2328 1407 2375">
     <span class='ocr_line' id='line_1_46' title="bbox 739 2328 1407 2375; baseline -0.001 -10"><span class='ocrx_word' id='word_1_353' title='bbox 739 2328 881 2375; x_wconf 81' lang='lat' dir='ltr'>Famosus‚</span> <span class='ocrx_word' id='word_1_354' title='bbox 906 2332 1003 2366; x_wconf 80' lang='lat' dir='ltr'>multa</span> <span class='ocrx_word' id='word_1_355' title='bbox 1018 2342 1086 2366; x_wconf 85' lang='lat' dir='ltr'>cum</span> <span class='ocrx_word' id='word_1_356' title='bbox 1099 2332 1239 2366; x_wconf 76' lang='lat' dir='ltr'>libertate</span> <span class='ocrx_word' id='word_1_357' title='bbox 1254 2332 1407 2366; x_wconf 75' lang='lat' dir='ltr'>notabant.</span> 
     </span>
    </p>
   </div>
   <div class='ocr_carea' id='block_1_14' title="bbox 1680 2376 1833 2424">
    <p class='ocr_par' dir='ltr' id='par_1_18' title="bbox 1680 2376 1833 2424">
     <span class='ocr_line' id='line_1_47' title="bbox 1680 2376 1833 2424; baseline 0.02 -13"><span class='ocrx_word' id='word_1_358' title='bbox 1680 2376 1833 2424; x_wconf 80' lang='lat' dir='ltr'>Qintil.</span> 
     </span>
    </p>
   </div>
  </div>
 </body>
</html>
