2059 2812
635 150 742 201 Lib.
783 151 821 200 J.
894 149 990 202 Tit.
1024 150 1139 201 XX
1545 168 1608 217 59

174 249 271 291 fides
292 263 340 290 ex
358 247 610 301 inquisitione
625 249 802 289 Tutores
820 249 1021 297 creabant,
1039 247 1103 288 vel
1117 248 1369 302 Magistratus
1391 247 1488 303 jussu
1502 253 1608 290 Prae-

173 315 308 364 fidum,
325 312 353 352 fi
369 326 452 352 non
466 314 589 353 essent
607 326 757 366 magnae
776 313 922 365 Pupilli
937 313 1156 353 facultates.
1220 311 1429 365 Disposuit
1445 311 1605 352 tandem

176 374 405 427 Jastinianus
422 385 466 414 ut
482 374 653 428 Deftnsor
672 374 858 422 Civitatis,
886 373 951 413 vel
964 373 1051 414 aliae
1070 372 1241 426 publieae
1256 373 1449 425 personae,
1478 372 1521 413 id
1537 374 1606 422 est,

174 437 426 490 Magistratus
446 451 520 478 una
539 451 628 478 cum
648 436 821 477 civitatis
841 436 1030 477 Antistite
1050 436 1117 474 seu
1136 434 1336 488 Episcopo
1353 436 1511 489 possent
1524 436 1607 476 Tu-

173 511 280 539 tores
295 499 358 539 vel
372 502 586 540 Curatores
598 511 731 540 creare
753 498 872 537 etiam
885 511 965 537 non
984 496 1192 550 expectat&
1208 496 1370 550 jussione
1381 496 1606 551 Praefidum,

171 560 221 599 ad
246 561 455 601 evitandos
474 562 661 614 sumptus,
689 558 715 598 fi
734 559 938 599 facultates
958 558 1105 611 Pupilli
1130 572 1210 599 non
1235 555 1474 597 excederent
1491 558 1605 610 quin-

170 632 312 674 gentos
326 622 474 662 solidos
487 644 498 675 ;
529 621 639 674 quod
653 620 678 660 si
691 620 903 673 ampliores
919 619 1043 660 essent
1056 619 1277 668 facultates,
1304 628 1349 657 ut
1363 628 1458 659 tunc
1470 618 1605 658 Tutor

171 698 193 723 a
209 683 374 725 Praefide
391 685 672 740 designaretur,
700 685 769 737 qui
784 695 928 724 caveret
943 685 1033 734 Rem
1048 683 1183 736 Pupillz'
1193 682 1344 735 salvam
1355 682 1449 734 fore.

231 762 264 794 3.
296 748 523 800 Impuberes
557 757 689 787 autem
722 746 765 784 in
793 746 920 786 tutela
949 746 1026 785 esse
1057 744 1228 784 naturali
1258 743 1339 796 juri
1369 744 1605 784 conveniens

173 811 251 851 est:
282 822 324 852 ut
344 813 375 852 is
401 814 472 866 qui
491 812 679 866 perfedtae
706 811 836 850 aetatis
861 824 942 850 non
966 807 1025 857 fit,
1054 808 1214 849 alterius
1233 807 1357 848 tutela
1376 816 1551 861 regatur.

682 910 727 959 T
764 924 785 958 1
824 922 880 973 T..
945 907 1086 956 XXI.

535 1006 616 1058 De
645 1006 961 1084 Aufforitate
996 1002 1245 1056 Tutorum.

232 1123 265 1147 1.
297 1111 394 1149 Haec
420 1103 470 1145 de
489 1104 691 1158 speciebus
702 1085 928 1145 'Tutorum
983 1101 1180 1142 Omnium
1200 1107 1330 1140 autem
1354 1095 1529 1138 officium
1553 1098 1608 1138 est

174 1182 258 1208 non
281 1178 432 1208 tantum
461 1167 669 1218 personam
693 1166 837 1217 pupilli
868 1165 995 1215 probe
1018 1164 1316 1203 educandam&
1340 1158 1609 1200 instruendam

177 1241 328 1278 curare,
359 1226 517 1281 ejusque
540 1239 601 1266 res
629 1234 664 1268 ὅ(
686 1225 850 1276 negotia
881 1224 1112 1277 diligenter,
1140 1230 1175 1265 ὅ(
1201 1231 1248 1260 ut
1267 1223 1416 1261 bonum
1436 1229 1610 1273 patrem-

176 1290 343 1330 familias
369 1288 495 1337 decet,
522 1287 824 1335 administrare3
855 1285 922 1323 sed
947 1291 982 1326 &
1000 1285 1189 1337 negotiiS‚
1215 1296 1302 1336 quae
1320 1280 1512 1335 pupillus,
1530 1282 1609 1334 ‘qui

177 1351 382 1396 infantiam
407 1348 575 1401 egressus
594 1348 662 1395 est,
696 1358 786 1386 cum
811 1344 946 1397 aliquo
976 1344 1158 1397 periculo
1185 1343 1244 1383 rei
1272 1341 1480 1382 familiaris
1503 1343 1610 1397 gerit

175 1414 425 1455 anelaricatem
445 1413 717 1464 interponere.

177 1519 264 1549 cere,
291 1511 328 1542 &
346 1507 487 1541 omnino
512 1505 660 1552 quietem
689 1502 861 1550 publicam
890 1512 1081 1551 procurare.
1133 1500 1323 1536 Creabatur
1349 1500 1404 1535 hic
1431 1499 1611 1536 Praefectus

178 1555 376 1601 plerumque
395 1566 436 1589 ex
463 1554 516 1594 iis,
544 1553 605 1599 qui
627 1552 712 1586 alios
734 1550 880 1584 honores
903 1561 1019 1585 omnes
1045 1560 1122 1583 cum
1139 1547 1243 1583 laude
1261 1546 1438 1592 gesserant,
1465 1551 1500 1583 δε
1518 1547 1608 1595 quasi

177 1602 332 1636 vicarius
350 1600 514 1646 Principis
530 1609 610 1633 erat.

225 1646 389 1682 Defensor
404 1647 573 1692 Civitatis]
614 1646 682 1679 Hic
690 1645 824 1683 mum&
840 1647 875 1679 &
889 1645 1005 1680 Vindex
1022 1642 1207 1691 appellatus
1222 1640 1338 1677 similis
1360 1649 1432 1676 erat
1447 1640 1606 1676 Tribuno

176 1693 285 1729 Plebis
302 1696 404 1729 Rom.
424 1704 526 1740 atque
541 1693 639 1739 hujus
652 1702 724 1728 erat
738 1690 850 1727 Plebis
867 1692 943 1738 jura
957 1690 1112 1725 adversus
1127 1690 1343 1734 Magistratus
1359 1689 1461 1722 tueri.

223 1741 411 1788 Impuberes
436 1739 575 1786 autem]
612 1739 687 1773 Cic.
704 1752 734 1774 1.
753 1737 796 1773 de
811 1739 911 1772 Offic.
932 1749 1003 1784 cap.
1026 1749 1078 1784 34.
1130 1738 1266 1773 Ineuntis
1281 1738 1360 1771 enim
1377 1737 1473 1770 atatis
1488 1733 1609 1780 inscitia

170 1788 276 1831 senum
295 1788 494 1833 constituenda
511 1785 548 1822 &¹
564 1788 693 1832 regenda
703 1787 863 1831 prudentia
881 1784 928 1830 est.

468 1864 628 1931 JUS
672 1860 1305 1914 ANGLICANUM.

225 1950 365 1984 Dativos
383 1950 534 1983 Tutores
551 1945 734 1994 aliquando
753 1944 840 1993 apud
865 1956 925 1978 nos
942 1943 1112 1979 habemus.
1164 1944 1199 1978 Si
1216 1944 1309 1977 enim
1325 1950 1430 1977 matre
1452 1953 1609 1988 praemor-

180 1995 237 2029 tua
249 1997 347 2031 Pater
362 1995 532 2030 intestatus
546 1992 700 2036 decedat,
724 1990 916 2039 liberosque
935 1991 1105 2038 relinquat
1125 1988 1315 2038 impuberes
1338 1990 1373 2023 in
1394 1987 1533 2024 feudum
1547 1987 1611 2023 aliss

182 2042 272 2087 quod
291 2043 430 2077 minime
447 2040 661 2082 successuros,
689 2052 755 2074 non
785 2051 859 2073 rato
887 2039 1057 2082 contingit
1082 2049 1119 2073 ut
1143 2035 1254 2084 Judex
1279 2034 1525 2072 Ecclesiasticus
1542 2035 1609 2070 illis

181 2088 349 2124 custodem
378 2088 448 2132 det,
474 2089 533 2135 qui
556 2091 594 2123 &
613 2085 761 2133 personis
786 2086 820 2121 ἃ
841 2086 1052 2120 Patrimonio
1067 2096 1184 2119 eorum
1202 2082 1398 2131 prospiciat,
1424 2080 1534 2117 donec
1550 2094 1610 2116 an-

181 2146 258 2168 num
284 2136 387 2170 aetatis
415 2135 478 2170 suae
500 2134 670 2169 decimum
695 2143 853 2180 quartum
878 2131 1132 2178 compleverint.
1186 2128 1236 2166 Ad
1261 2130 1327 2165 tale
1355 2140 1465 2164 tamen
1489 2139 1610 2164 munus

182 2180 273 2224 leges
302 2182 416 2216 nostrae
441 2183 609 2216 neminem
629 2179 850 2227 compellunt,
874 2176 928 2213 sed
956 2177 1094 2227 Judices
1118 2179 1230 2225 potius
1256 2189 1314 2212 eos
1339 2176 1480 2220 eligunt,
1507 2185 1609 2220 atque

182 2239 331 2271 movent,
347 2239 430 2275 quos
441 2228 738 2272 consanguinitatis
753 2226 803 2262 vel
816 2225 988 2261 affinitatis
1001 2225 1176 2260 vinculum
1194 2222 1235 2258 ad
1253 2225 1318 2259 hoc
1335 2222 1481 2258 officium
1496 2230 1610 2255 amore

183 2284 355 2320 provocat.

230 2320 418 2367 Aliquando
439 2322 540 2356 etiam
557 2320 743 2357 minoribus
757 2320 881 2355 dantur
896 2319 1056 2355 Custodes
1073 2331 1131 2368 per
1141 2319 1355 2363 Magistratus
1369 2310 1609 2359 Municipales.

914 2370 1008 2408 ΗΖ
1475 2372 1513 2398 2.
1543 2357 1610 2398 Est
