2059 2812
508 136 1326 207 PROOEMIUM.
1546 139 1641 199 xix

219 291 311 339 que
344 269 749 326 convenientem,
797 266 929 330 quafi
966 282 1062 314 una
1099 279 1236 314 mens
1260 262 1404 323 esset,
1452 279 1641 329 unaque

219 366 330 408 vox,
364 347 590 411 idemque
625 347 777 395 sonUS.
849 341 980 391 Huic
1012 351 1181 390 autem
1215 341 1371 389 labori
1400 339 1641 406 Justim'a·

220 442 309 474 nus
327 424 619 474 decennium
641 418 934 486 praefinivit3
967 416 1293 467 Triboniamcs
1306 433 1444 477 vero,
1460 419 1545 469 fibi
1564 438 1644 486 po.

218 503 314 552 tius
345 520 402 551 ex
429 501 680 551 celeritate
711 496 939 562 gloriam,
978 511 1127 560 quam
1144 493 1348 558 posteris
1373 495 1646 549 utilitatem

220 594 280 626 ex
313 578 473 642 operis
506 574 795 624 maturitate
829 572 1094 636 pariturus,
1133 569 1430 619 decennium
1450 571 1509 619 ad
1533 589 1646 637 qua-

219 654 498 703 driennium
525 651 787 709 contraxit,
826 650 1169 713 Volumenque
1193 647 1389 706 extulit,
1424 649 1554 714 quod
1588 668 1649 701 ex

219 731 459 781 varietate
477 745 644 778 rerum
660 727 710 776 in
726 727 773 776 se
790 726 1254 791 comprehensarum
1282 743 1622 779 PANDECTAS
1640 748 1655 792 3

223 809 274 858 &
325 818 526 872 propter
566 804 792 853 ordinem
839 803 901 852 ad
942 803 1223 868 exemplum
1277 803 1570 854 Edictorum
1622 825 1650 855 a

221 882 426 948 Juliano
464 881 812 950 jurisconsulto
859 880 1188 945 digestorum,
1239 896 1490 930 DIGESTA
1528 899 1651 935 nun-

223 960 433 1025 cupavit

294 1040 570 1103 Antequam
608 1044 780 1086 autem
804 1034 1002 1099 Digesta
1032 1033 1350 1100 Jufflnicmus
1373 1035 1650 1099 emitteret,

224 1115 404 1165 Libros
434 1129 929 1165 INSTITUTIONUM
950 1125 1157 1178 quatuor
1182 1114 1544 1178 componendos
1571 1133 1653 1166 cu-

227 1192 392 1252 ravit3
431 1206 661 1253 magnam
695 1205 817 1237 vero
844 1201 1037 1251 partem
1070 1206 1128 1236 ex
1165 1190 1419 1238 veteribus
1451 1191 1560 1240 Caii
1601 1195 1653 1243 &

228 1266 443 1332 Ulpiani,
477 1261 827 1327 Marcianique
850 1264 1244 1311 Institutionibus
1279 1264 1548 1325 transtulit,
1600 1281 1656 1317 ut

220 1342 463 1406 Juventus
490 1339 549 1387 ab
579 1338 673 1396 his,
709 1336 869 1386 veluti
899 1356 924 1387 a
956 1336 1330 1401 simplicioribus
1358 1338 1654 1403 Elementis,

221 1414 664 1483 Jurisprudentiam
686 1413 1029 1478 auspicaretur.
1106 1412 1292 1472 Qibus
1311 1412 1446 1462 libris
1462 1415 1545 1464 vix
1571 1418 1655 1466 ali-

228 1493 344 1558 quid
363 1490 667 1557 superfuisset
684 1489 970 1554 elegantius,
1008 1498 1089 1538 aut
1107 1487 1349 1548 selectius,
1387 1489 1472 1538 nifi
1491 1508 1656 1543 recen-

229 1568 371 1617 tioris
388 1567 548 1616 aetatis
561 1577 841 1615 commenta
855 1564 1106 1629 puriorem
1119 1574 1350 1615 Veterum
1370 1577 1658 1618 contextum

232 1644 564 1710 corrupissent.
638 1644 743 1692 Has
766 1654 932 1693 autem
954 1658 1422 1694 INSTITUTIONES
1439 1645 1658 1710 Justinia-

230 1738 319 1771 nus
344 1721 501 1770 edidit
530 1721 580 1769 &
606 1719 925 1770 confirmavit
958 1736 1083 1768 anno
1108 1719 1311 1783 Imperii
1335 1720 1406 1768 sui
1432 1720 1658 1784 septimo,

233 1815 332 1847 uno
365 1797 529 1847 mense
577 1807 690 1844 ante
727 1795 999 1844 editionem
1043 1806 1186 1859 atque
1228 1796 1660 1850 confirmationem

234 1873 577 1941 Digestorum,
625 1874 796 1938 quibus
832 1890 925 1922 una
953 1889 1066 1922 cum
1093 1871 1480 1937 Institutionibns
1506 1878 1661 1940 publi-

236 1968 345 2001 cam
381 1950 554 2000 tribuit
590 1949 975 2008 Auctoritatem,
1016 1960 1091 2008 ut,
1140 1949 1365 2014 quicquid
1405 1950 1470 1999 ibi
1511 1952 1661 2001 conti-

236 2036 396 2085 netur,
434 2040 523 2089 pro
547 2040 670 2075 voce
695 2023 928 2087 Principis
953 2024 1205 2072 habeatur.

305 2103 498 2150 Verum
533 2101 645 2164 quia
683 2099 744 2148 de
776 2099 1127 2164 quinquaginta
1150 2100 1281 2165 Juris
1318 2103 1662 2152 controversiis

238 2176 387 2225 variae
399 2185 633 2226 veterum
642 2172 1104 2241 jurisconsultorum
1115 2175 1537 2240 discrepantesque
1553 2194 1662 2240 pro-

240 2252 433 2301 dierant
452 2252 737 2311 Sententiae,
774 2268 834 2300 ne
861 2252 1001 2315 super
1030 2251 1105 2300 his
1135 2262 1326 2301 mentes
1343 2251 1565 2312 judicum
1594 2252 1664 2301 in-

1529 2352 1663 2392 certo
