2059 2812
589 133 702 185 Lib.
743 131 806 184 II.
880 129 978 184 Tit.
1018 127 1160 183 XIX.
1496 146 1589 197 133

169 238 342 296 parentis
359 235 475 287 sunt3
505 233 653 288 partim
669 232 763 286 quia
781 230 987 272 domestici
1006 228 1181 269 haeredes
1202 226 1293 268 sunt
1312 233 1346 270 ὅ(
1364 226 1460 268 vivo
1482 237 1601 281 patre,

170 298 465 358 quodammodo
491 297 661 337 Domini
691 294 903 343 habentur,
930 299 964 335 ὅ(
989 293 1081 333 hinc
1107 292 1178 332 fibi
1206 290 1291 344 ipsis
1316 289 1443 331 veluti
1466 291 1596 333 succe.

170 368 280 412 dere,
307 368 342 404 ὅ(
360 361 610 414 αῶπκληρονόμοι
630 359 706 399 esse
724 356 931 399 censentur
947 376 958 407 ς
988 356 1189 408 Neceffiirii
1209 365 1340 395 autem
1359 356 1453 408 quia
1475 360 1511 396 ὅ(
1527 353 1597 408 ipfi

169 430 256 482 jure
275 424 386 465 civili
401 423 476 464 five
493 423 631 472 velint,
647 420 723 462 five
736 420 868 462 nolint
885 418 1061 460 haeredes
1074 423 1285 459 Parentum
1302 433 1351 460 ex
1364 420 1597 461 testamento

171 498 205 533 ὅ(
223 489 271 528 ab
289 488 475 528 intestato
492 487 606 526 fiunt.

170 597 269 638 habet,
296 596 470 638 intelligor
483 593 579 640 loqui
594 604 634 628 ex
651 591 711 627 usu
725 592 808 638 jutis
827 591 988 639 peculiari
1006 603 1012 624 :
1044 604 1120 627 curn
1139 593 1207 635 aio,
1235 593 1406 636 Sempronia
1423 590 1599 626 HAEREn

170 646 216 736 fu
214 646 243 724 εἴ
253 643 302 723 lg
307 646 346 722 tS
347 645 382 724 >lg
385 643 412 677 V
411 643 461 724 ‘M
462 643 600 733 gq‘gavit,
624 649 660 674 ut
669 649 789 685 partem
802 641 982 675 hereditatis
998 641 1141 674 restituat
1154 639 1247 682 Titio,
1271 651 1312 674 ex
1329 637 1389 673 usu
1407 638 1593 674 communi.

907 732 989 766 Nam
1006 733 1103 766 codice
1113 732 1187 778 saevo

506 780 666 815 HAERE
678 780 782 814 DES
806 788 891 815 vetat
913 778 966 823 effe
991 781 1125 815 SVOS.

174 831 214 864 Et
231 828 332 865 ovid.
353 828 394 863 ad
413 825 651 867 Messalinum

502 875 587 910 Vivit
602 874 682 907 enim
698 874 729 907 in
743 873 820 908 vobis
831 871 959 917 facundi
975 874 1080 917 lingua
1095 874 1247 916 Parentis,

552 922 598 954 Et
614 933 661 954 res
679 920 762 954 HAE
771 920 800 953 R
811 922 839 954 E
849 921 883 953 D
893 921 921 954 E
931 919 977 953 M
999 922 1125 964 repperit
1146 922 1196 954 illa
1221 923 1244 954 S
1253 918 1372 955 VVM.

220 968 313 1013 Qia
331 966 506 1002 domestici
524 966 670 1001 haeredes
696 965 803 1010 sunt]
841 965 926 999 Plin.
946 967 1024 1000 Pan.
1045 979 1118 1013 cap.
1138 980 1193 1013 37.
1221 966 1385 1013 domesticos
1402 966 1525 1001 heredes
1542 977 1603 1013 op-

173 1018 270 1062 ponit
288 1016 454 1050 extraneis.
589 1017 695 1048 Onera
711 1014 827 1058 imperii
844 1015 986 1058 pleraque
1003 1016 1164 1058 vectigalia
1183 1014 1304 1058 institui,
1331 1023 1365 1047 ut
1384 1023 1438 1057 pro
1464 1015 1603 1047 utilitate

174 1064 330 1103 communi,
354 1064 400 1095 ita
420 1061 600 1107 fingulorum
618 1061 750 1102 injuriis,
777 1069 946 1104 coegerunt.
999 1061 1064 1093 His
1080 1061 1223 1106 Vigefima
1240 1069 1359 1103 reperta
1386 1060 1436 1104 est,
1459 1061 1604 1094 tributum

173 1110 325 1143 tolerabile
338 1135 348 1150 ,
386 1106 423 1142 &⁹
443 1107 540 1151 facile
569 1108 722 1141 duntaxat
750 1108 780 1140 E
790 1106 923 1142 XTRA
932 1107 1000 1140 NE
1010 1109 1057 1140 IS
1067 1135 1077 1150 ‚
1116 1109 1149 1141 D
1159 1111 1189 1141 Ο
1199 1108 1245 1141 Μ
1254 1109 1280 1141 E
1291 1108 1462 1142 STICIS
1491 1118 1601 1151 grave.

174 1158 282 1199 Itaque
308 1156 363 1187 iuis
380 1156 545 1197 irrogatum
573 1153 623 1198 est,
647 1154 689 1186 his
713 1152 886 1196 remiffum;
924 1153 1062 1186 videlicet
1090 1154 1164 1197 quod
1182 1152 1368 1197 manifestum
1387 1161 1466 1193 erat,
1493 1163 1605 1198 quanto

175 1213 241 1236 cum
258 1201 352 1234 dolore
370 1202 476 1240 laturi,
496 1199 549 1243 seu
560 1200 658 1243 potius
675 1211 731 1232 non
759 1200 852 1232 laturi
879 1200 1007 1231 homines
1024 1200 1123 1241 eſjent,
1150 1199 1286 1242 destringi
1305 1200 1419 1242 aliquid
1444 1197 1482 1232 (T
1499 1200 1604 1233 abradi

176 1249 269 1288 bonis,
296 1258 356 1291 quae
374 1246 536 1290 sanguine,
555 1247 746 1290 gentilitate,
764 1244 918 1288 sacrorum
945 1246 1068 1289 denique
1089 1245 1235 1290 societate
1262 1243 1429 1288 meruissent
1446 1260 1456 1284 ς
1485 1258 1606 1290 quaque

178 1304 329 1337 nunquam
345 1293 490 1326 ut'aliena
509 1291 546 1326 (φ
557 1292 718 1336 speranda,
738 1291 793 1336 sed
810 1301 843 1324 ut
851 1291 911 1335 sua
925 1291 1097 1336 semperque
1111 1291 1238 1336 possessa,
1265 1303 1301 1325 ac
1318 1292 1451 1335 deinceps
1473 1294 1605 1336 proximo

176 1342 281 1384 cuique
304 1337 530 1382 transtrtittenda
546 1337 691 1381 cepissent.

225 1388 269 1419 Et
285 1386 357 1418 vivo
375 1393 468 1431 patre
485 1382 740 1428 quodammodo
766 1383 931 1429 Domini]
972 1382 1075 1417 Unde
1093 1387 1128 1417 &
1145 1385 1298 1427 Particeps
1315 1386 1418 1420 Patris
1434 1384 1606 1429 eleganter

177 1431 302 1466 dititur
320 1429 556 1466 filiusfamilias
574 1429 662 1475 apud
679 1432 819 1464 Terent.
842 1430 966 1463 Heaut.
987 1432 1057 1464 Αᾶ.
1076 1430 1104 1464 Ι.
1123 1431 1173 1463 Sc.
1190 1431 1218 1464 I.
1240 1443 1295 1471 97.

511 1478 576 1510 Nec
589 1475 643 1519 fas·
659 1475 711 1519 effe
728 1477 792 1509 ulla
814 1487 858 1509 me
876 1477 1025 1519 voluptate
1046 1477 1091 1509 hic
1108 1476 1176 1520 frui

509 1522 575 1560 Nili
590 1523 639 1556 ubi
657 1524 707 1555 ille
721 1523 777 1556 huc
788 1521 893 1567 salvus
912 1523 1035 1557 redierit
1048 1523 1129 1557 ME
1139 1524 1192 1558 VS
1211 1524 1270 1556 PA
1281 1525 1309 1557 R
1319 1525 1441 1559 TICE
1453 1527 1477 1559 P
1487 1527 1520 1559 S.

180 1572 322 1605 Terent.
340 1572 461 1605 Heaut.
476 1571 548 1604 Aet.
564 1571 590 1603 Ι.
611 1569 663 1603 Sc.
681 1571 708 1602 I.
729 1581 784 1609 79.

888 1617 1026 1650 Gnatum
1042 1618 1159 1652 unicum

509 1662 617 1711 Qm
630 1663 746 1707 pariter
761 1664 806 1696 uti
823 1663 868 1695 his
886 1664 999 1705 decuit,
1023 1674 1079 1698 aut
1100 1667 1191 1700 etiam
1210 1667 1320 1710 magis.

180 1710 350 1756 Praecipue
375 1710 439 1743 huc
465 1709 546 1745 facit
571 1712 663 1743 locus
691 1709 800 1743 Plauti
816 1710 971 1744 Trinum.
986 1711 1031 1744 11.
1048 1724 1079 1744 2.
1112 1711 1201 1758 apud
1220 1725 1321 1759 quem
1338 1710 1497 1758 Lysiteles
1521 1711 1608 1760 patri

183 1758 402 1801 interroganti
421 1769 499 1792 num
517 1754 559 1789 de
579 1754 637 1791 suo
659 1756 768 1789 amico
788 1754 960 1789 subvenire
975 1757 1074 1792 vellet
1088 1758 1278 1804 respondet,

1129 1808 1180 1840 De
1196 1806 1240 1839 M
1250 1808 1277 1840 E
1287 1810 1330 1848 O,

514 1850 596 1884 Nam
613 1850 687 1895 quod
704 1859 786 1884 tuum
804 1849 841 1895 est
858 1861 953 1884 meum
969 1850 1017 1896 est,
1043 1863 1127 1886 omne
1144 1865 1239 1887 meum
1256 1852 1292 1898 est
1309 1862 1411 1887 autem
1426 1852 1534 1887 Tuum.

187 1893 309 1929 Auson.
328 1895 440 1941 Edyll.
458 1908 488 1941 3.

509 1941 602 1987 Justa
619 1944 737 1986 quidem
746 1942 843 1988 series
856 1945 938 1987 patri
948 1943 1104 1988 succedere
1119 1960 1128 1979 :
1151 1958 1254 1982 verum

562 1990 629 2033 Esse
637 1989 727 2035 simul
752 1992 820 2024 DO
831 1990 875 2022 M
885 1992 977 2025 INO
988 1994 1011 2025 S
1030 1995 1150 2037 gratior
1165 1995 1231 2028 ordo
1244 1995 1317 2039 piis.

184 2034 284 2070 Unde
313 2035 424 2082 paffim
450 2037 484 2070 in
503 2036 692 2070 Comoediis
719 2036 809 2071 Servi
841 2036 931 2070 filios
948 2041 1176 2074 Dominorurn
1195 2041 1298 2075 Heras
1314 2042 1452 2083 minores,
1478 2039 1610 2080 mm'w:

186 2083 303 2116 &wi-ma
318 2093 451 2117 vocant.
503 2084 675 2117 Telemachi
695 2083 856 2118 subulcus
870 2082 1006 2127 dicitur,
1032 2087 1091 2133 qui
1112 2097 1182 2121 erat
1197 2090 1317 2136 ‘Ulyssis-
1360 2086 1480 2134 Odyff.
1500 2102 1610 2130 ρ.----

187 2129 303 2163 Servus
321 2131 488 2164 Abrahami
505 2129 642 2174 Isaacum
669 2139 763 2163 vocat
789 2132 973 2165 Dominum
1003 2130 1111 2175 suum,
1147 2136 1229 2169 Gen.
1247 2147 1302 2181 24.
1328 2147 1358 2169 v.
1376 2140 1431 2180 65.
1445 2136 1610 2168 -Hinc

187 2174 331 2220 deniqne
349 2176 405 2217 est,
429 2176 521 2222 quod
540 2187 614 2209 curn
632 2178 769 2210 extranei
786 2176 943 2212 dicantur
957 2181 1126 2224 acquirere,
1151 2183 1259 2225 Adire,
1284 2183 1441 2227 repudiare
1458 2183 1613 2216 heredita-

187 2230 246 2256 tem
264 2237 275 2261 3
303 2221 352 2265 sui
371 2220 529 2257 dicuntur
554 2224 679 2257 haeredes
695 2224 816 2269 existere
843 2225 855 2270 (
871 2224 964 2270 quod
993 2228 1102 2260 Graeci
1130 2228 1392 2275 interpretantur
1414 2225 1612 2272 ἀναφαίνεσθαι)

187 2269 328 2310 retinere,
351 2269 523 2312 immiscere,
546 2269 710 2314 abstinere:
752 2270 842 2317 qnafi
871 2273 929 2317 qui
963 2272 1061 2308 rebus
1083 2273 1153 2321 jam
1182 2275 1267 2311 olim
1297 2274 1374 2318 suis,
1407 2285 1444 2309 ut
1468 2274 1613 2308 Domini

186 2324 336 2358 utantur,
360 2314 450 2350 easve
469 2316 646 2361 retineant,
672 2325 730 2352 aut
747 2317 994 2365 derelinquant.
1510 2363 1515 2366 ⁷

1438 2385 1476 2420 5·
1503 2374 1613 2428 Qa
