2059 2812
373 169 480 223 290
778 149 1039 202 Elementa
1071 148 1219 216 Juris
1249 149 1290 198 C
1289 151 1418 204 ivilrs

434 266 502 291 21.
532 253 617 292 Lex
631 249 801 304 Pompeia
820 248 862 288 de
878 248 1100 289 Parricidiis
1120 248 1299 289 vindicat
1321 249 1585 292 homicidium
1606 252 1711 291 inter
1730 265 1825 304 pro-

377 314 507 355 ximos
525 323 688 369 agnatos
718 313 990 354 commissum:
1022 319 1057 355 δι
1077 312 1255 366 quidem,
1284 312 1310 352 fi
1336 314 1423 366 quis
1443 324 1610 367 patrem,
1642 328 1826 366 matrem,

381 390 519 425 avum,
556 377 706 426 aviam,
742 376 934 425 fratrem,
971 376 1168 426 sororem,
1205 377 1442 431 patruelem,
1477 378 1722 430 matruelem,
1759 395 1825 433 pa-

379 450 531 489 truum,
565 441 816 490 avunculum,
853 441 1030 489 amitam,
1065 440 1363 490 consobrinum,
1401 440 1692 493 consobrinam,
1729 458 1825 483 uxo·

378 516 478 553 rem,
499 502 645 553 virum,
673 516 876 558 generum,
905 503 1077 552 socrum,
1096 503 1298 552 vitricum,
1320 503 1563 559 privignum,
1589 506 1825 561 privignam,

378 576 608 620 patronum,
638 576 862 620 patronam,
891 566 1100 606 occiderit.

433 642 498 668 22.
531 632 657 668 Poena
691 628 731 666 in
769 641 819 668 eo
851 625 1039 675 confistit‚
1073 625 1185 680 quod
1217 626 1420 666 Parricida
1448 628 1570 681 virgis
1601 627 1824 684 sanguineis

376 689 509 740 caesus,
538 689 670 730 culleo
690 688 881 738 insuitur,
916 694 951 731 ὅ(
970 703 1060 729 cum
1080 701 1191 737 cane,
1210 688 1335 729 Gallo
1357 688 1591 742 gallinaceo,
1607 691 1758 742 vipera,
1787 699 1821 734 ὅ(

373 752 496 802 fimia,
516 754 623 794 inter
641 752 784 794 ferales
803 753 892 793 istas
911 751 1102 807 angustias
1122 752 1429 806 comprehensus
1445 754 1485 792 in
1504 754 1680 794 vicinum
1699 769 1822 806 mare,

374 818 441 858 vel
464 832 618 859 amnem
649 817 880 873 projicitur.
938 818 979 857 Si
998 829 1106 856 mare
1127 816 1190 856 vcl
1217 816 1362 857 flumen
1381 816 1427 857 fit
1455 819 1674 868 remotius,
1690 811 1821 860 Parri-

374 881 463 922 cida
483 882 547 925 vel
566 883 679 925 vivus
697 882 966 932 comburitur,
994 881 1058 923 vel
1079 880 1272 935 objicitur
1291 881 1438 925 bestiis.

708 993 747 1029 In
762 995 876 1034 coelum,
902 993 940 1029 cir
958 995 1046 1037 longa
1064 994 1221 1026 manantia
1239 992 1326 1026 labra
1337 991 1451 1038 saliva.

712 1041 788 1076 Hac
801 1040 896 1085 poscit
906 1040 1024 1085 ferrum
1042 1049 1134 1085 atque
1155 1042 1249 1085 ignes,
1275 1041 1331 1074 haec
1343 1041 1423 1084 potio
1439 1049 1557 1086 torquet
1571 1056 1579 1075 :

709 1089 788 1124 Hac
807 1090 925 1122 lacerat
941 1088 1034 1134 mistos
1054 1090 1188 1132 equitum
1214 1099 1280 1121 cum
1295 1087 1440 1132 sanguine
1457 1089 1574 1123 Patres.

706 1136 801 1170 Tanti
819 1144 925 1180 partus
942 1147 1032 1180 equa,
1059 1137 1139 1168 tanti
1158 1146 1218 1169 una
1237 1135 1366 1179 venefica
1383 1134 1503 1179 constat.

705 1184 847 1216 Oderunt
864 1192 948 1216 natos
970 1184 1006 1216 de
1028 1183 1133 1225 pellice
1149 1197 1158 1222 3
1187 1192 1269 1215 nemo
1285 1190 1441 1226 repugnet,

706 1230 802 1264 Nemo
818 1238 909 1265 vetet.
962 1227 1105 1275 Jamjam
1122 1230 1291 1273 privignum
1307 1231 1439 1263 occidere
1449 1227 1504 1273 fas
1520 1227 1568 1275 est.

705 1277 763 1312 Vos
778 1288 842 1322 ego,
865 1278 993 1321 Pupilli,
1020 1287 1130 1317 moneo,
1156 1277 1262 1320 quibus
1279 1278 1404 1320 amplior
1421 1276 1458 1322 est
1473 1287 1533 1320 res,

708 1324 858 1370 Custodite
875 1325 1008 1364 animas,
1035 1322 1073 1358 ὅθ’
1091 1325 1168 1357 nulli
1184 1324 1297 1358 credite
1320 1323 1433 1368 mensa.

707 1372 822 1406 Livida
841 1380 974 1407 materno
984 1370 1107 1416 fervent
1124 1371 1250 1416 adipata
1268 1382 1389 1406 veneno.

369 1419 489 1454 Horat.
508 1419 580 1456 Sat.
599 1417 675 1453 Lib.
693 1419 721 1453 1.
748 1419 780 1454 8.

704 1468 784 1502 Cum
802 1467 875 1501 mihi
890 1478 948 1502 non
966 1474 1085 1500 tantum
1095 1464 1240 1511 furesque
1252 1465 1384 1511 fereque
1395 1464 1486 1510 sueta

706 1514 804 1550 Hunc
820 1526 933 1550 vexare
949 1515 1058 1555 locum,
1081 1524 1155 1548 curae
1166 1514 1240 1559 sunt
1258 1522 1348 1558 atque
1365 1514 1471 1556 labori,

703 1562 871 1610 Qntum
890 1562 1081 1602 carminibus,
1108 1572 1169 1606 qua
1186 1560 1307 1606 versant
1322 1570 1413 1605 atque
1431 1565 1547 1596 venenis

702 1611 865 1643 Humanas
879 1610 1002 1643 animos.

414 1653 709 1690 Incantationibus
730 1655 893 1698 magicis]
937 1654 989 1686 Ad
1008 1654 1067 1685 has
1083 1650 1257 1685 referenda
1278 1650 1352 1684 sunt
1378 1651 1436 1686 illa
1454 1651 1539 1696 legis
1558 1651 1739 1690 duodecim
1759 1667 1812 1692 ta-

366 1699 695 1749 bularum—Qu
709 1703 823 1735 malum
837 1711 956 1734 carmen
969 1701 1151 1743 incantassit.
1165 1718 1232 1724 —
1242 1698 1314 1747 Qi
1323 1697 1430 1743 fruges
1447 1703 1710 1746 excantassit.--
1725 1705 1810 1740 Neve

364 1750 499 1784 alienam
506 1748 643 1794 segetem
651 1747 994 1793 peneum—*Item
1013 1744 1100 1779 iilud
1114 1746 1209 1790 Virg.
1227 1747 1347 1788 Eclog.
1368 1747 1398 1780 8.
1420 1759 1450 1782 v.
1466 1759 1522 1789 99.

699 1797 805 1841 Atque
814 1794 902 1840 satas
918 1795 978 1827 alio
996 1794 1057 1828 vidi
1077 1794 1237 1828 traducere
1256 1793 1364 1839 meffes.

364 1843 408 1877 Et
420 1842 591 1924 ‹iiddgenus
607 1841 682 1886 alia,
709 1854 781 1891 quae
807 1840 996 1888 superstitio
1025 1840 1219 1876 mortalium
1239 1843 1271 1876 vi
1293 1842 1415 1886 magici
1436 1844 1596 1878 carminis
1613 1845 1699 1880 effici
1718 1846 1810 1894 posi’e

361 1901 418 1924 cre
447 1903 454 1924 ι
485 1901 520 1925 xt.

411 1938 463 1971 De
477 1936 671 1983 Parricidiis]
713 1939 873 1974 Parricida
892 1936 1027 1984 propri&
1052 1934 1193 1980 dicitur,
1221 1937 1280 1984 qui
1307 1937 1441 1972 Patrem
1466 1937 1608 1981 occidit,
1635 1939 1721 1984 quafi
1745 1942 1807 1976 Pa-

362 1985 487 2027 rricida,
514 1994 570 2018 aut
588 1996 646 2031 per
658 1985 852 2031 Sym-open,
879 1983 970 2031 quasi
984 1984 1191 2019 Parenticida.
1245 1984 1335 2031 Saepe
1354 1994 1465 2019 tamen
1483 1985 1572 2021 idem
1589 1987 1726 2022 verbum
1744 2001 1804 2034 pro

362 2032 478 2077 quavis
502 2032 653 2075 ἐνδὶκφονία
672 2029 827 2080 usurpant
843 2032 1007 2067 Romani.
1061 2032 1114 2067 Sic
1137 2031 1309 2080 Qaestores
1326 2034 1489 2067 Parricidii
1514 2033 1670 2081 appellati
1702 2035 1806 2080 Qre-

362 2077 463 2113 stores
480 2090 590 2114 rerum
609 2079 805 2126 capitalium
820 2096 830 2121 ;
858 2083 895 2115 &
911 2078 1068 2114 Clausala
1083 2081 1243 2115 Parricida
1258 2079 1310 2126 esto
1334 2080 1367 2114 in
1383 2080 1476 2114 omni
1495 2092 1528 2114 re
1544 2081 1674 2128 capitali
1699 2093 1804 2128 pone-

361 2124 635 2162 batur.—-Cic.
652 2125 695 2161 de
719 2125 866 2172 Legibus
891 2127 927 2161 11.
951 2129 1212 2169 9.-—-Sacrum‚
1231 2127 1356 2173 sacrove
1373 2129 1608 2163 commendatum
1631 2130 1680 2175 qui
1697 2129 1805 2175 clepse-

360 2174 414 2216 rit,
436 2173 572 2220 rapfitve,
601 2175 762 2210 Parricida
775 2175 839 2221 esto,
864 2172 900 2213 id
918 2174 974 2216 est,
1001 2173 1138 2222 Capital
1157 2175 1235 2210 esto.

410 2221 515 2255 Poena
531 2223 565 2255 in
584 2233 626 2256 eo
644 2220 817 2269 confistit,]
849 2223 990 2257 Romaim
1005 2220 1134 2257 facinus
1148 2220 1328 2257 Parricidii
1348 2224 1483 2268 propri&
1496 2221 1540 2256 sic
1553 2221 1650 2266 dieti,
1674 2236 1715 2258 ne
1729 2225 1805 2271 opi-

360 2267 462 2302 nione
491 2268 646 2314 quidem,
679 2278 736 2303 aut
761 2269 955 2317 conjectura
983 2268 1191 2316 praesumens,
1226 2269 1315 2304 nulla
1333 2269 1418 2303 iliud
1445 2269 1521 2313 lege
1540 2272 1706 2314 coercuit,
1743 2271 1803 2306 etii

359 2327 475 2363 poenas
490 2315 533 2350 de
550 2316 725 2351 hominum
743 2316 835 2351 caede
851 2316 1073 2352 constituerit.
1127 2318 1258 2363 Neque
1275 2318 1309 2352 in
1324 2326 1454 2352 veteres
1475 2319 1708 2352 Romanorum
1726 2317 1803 2353 san-

357 2362 512 2400 &iffimos
527 2375 636 2400 mores
650 2373 718 2404 tam
733 2362 931 2401 detestabile
949 2362 1052 2401 scelus
1069 2365 1194 2412 irrupit
1205 2376 1282 2401 ante
1298 2368 1430 2400 Annum
1444 2364 1485 2400 ab
1504 2366 1590 2403 V.C.
1610 2365 1801 2448 sexscentes-

1672 2425 1794 2456 imum,
