2059 2812
380 137 484 189 262
775 132 1038 183 Elementa
1072 130 1223 198 Juris
1258 134 1430 188 Civilis

926 234 972 282 T
1011 249 1033 283 1
1072 249 1123 284 T.
1195 235 1259 284 X.

577 401 583 404 ‚
633 331 714 391 De
750 332 810 384 iis
839 345 932 402 per
969 349 1080 400 quos
1112 335 1280 400 Agere
1315 333 1578 401 Poffumus.

438 448 473 473 1.
504 432 776 474 Praecedentes
808 431 922 472 tituli
950 446 1023 472 nos
1043 432 1284 482 docuerunt,
1315 434 1457 486 quibus
1487 436 1723 478 Affionibus
1741 439 1831 491 quis

376 492 511 534 alieno
530 494 694 534 nomine
714 494 925 534 conveniri
955 493 1084 548 poffit.
1142 496 1239 537 Non
1268 497 1527 538 incommode
1549 513 1652 539 nunc
1674 499 1830 555 subjici-

376 565 445 596 tur
473 557 523 598 de
552 557 746 611 personis,
775 570 848 610 per
865 571 957 611 quas
977 571 1094 612 agere
1113 560 1272 613 cuique,
1300 560 1489 613 litemque
1509 561 1734 613 intendere,
1763 575 1830 606 aut

374 621 558 674 excipere
577 622 711 662 liceat.

430 700 468 725 2.
500 684 756 727 Admonendi
772 698 869 725 vero
891 685 1021 726 sumus
1040 699 1157 740 agere
1177 687 1284 741 posse
1304 687 1523 742 quemlibet
1538 689 1742 732 hominem
1760 699 1830 731 aut

364 748 434 800 suo
455 750 634 798 nomine,
661 757 731 788 aut
755 749 884 790 alieno.
943 749 1105 798 Alieno,
1136 751 1262 790 veluti
1278 753 1541 807 procuratorio,
1570 751 1734 804 Totam,
1766 755 1828 793 Cu-

375 813 540 866 ratori03
571 826 659 854 cum
687 812 785 852 olim
807 814 848 853 in
873 813 943 852 usu
961 812 1096 853 fuiffet
1115 813 1279 855 alterius
1310 817 1473 856 nomine
1502 817 1567 872 agi
1594 831 1677 857 non
1703 818 1829 870 posse,

375 877 444 916 nisi
465 891 541 930 pro
562 877 709 932 popule,
738 891 815 930 pro
835 876 1022 928 libertate,
1050 891 1127 931 pro
1148 880 1277 921 tutela.
1333 884 1533 922 Praeterea
1553 881 1641 935 lege
1661 880 1829 934 Hostilia

372 939 603 991 permissum
625 950 711 979 erat
736 939 837 980 furti
858 953 976 995 agere
1005 954 1145 981 eorum
1171 942 1351 992 nomine,
1380 943 1448 997 qui
1481 943 1586 997 apud
1615 943 1744 984 hostes
1771 943 1829 985 es-

372 1003 474 1053 sent,
501 1014 569 1044 aut
586 1004 837 1057 Reipublicae
858 1004 970 1045 causa
985 1005 1174 1046 abeffent.
1233 1007 1309 1046 Sed
1324 1008 1418 1060 quia
1436 1008 1513 1049 hoc
1528 1021 1608 1048 non
1624 1008 1829 1050 minimam

373 1067 746 1109 incommoditatem
768 1067 955 1116 habebat,
983 1069 1092 1121 quod
1114 1070 1248 1109 alieno
1268 1071 1433 1111 nomine
1453 1085 1582 1125 neque
1599 1084 1732 1124 agere,
1760 1086 1831 1114 ne-

371 1143 449 1182 que
475 1131 660 1184 excipere
680 1131 881 1171 actionem
901 1131 1064 1180 licebat,
1094 1143 1311 1186 coeperunt
1329 1132 1511 1174 homines
1542 1148 1612 1187 per
1638 1138 1829 1176 Procura-

372 1202 482 1232 tores
501 1193 679 1248 litigare.
738 1197 843 1235 Nam
870 1199 905 1235 ὃ(
934 1194 1119 1241 Morbus,
1149 1199 1184 1235 ὅ(
1209 1206 1316 1243 aetaS,
1344 1201 1380 1237 ὅ(
1407 1198 1623 1238 necessaria
1649 1200 1828 1253 peregri-

374 1300 430 1337 scd
456 1300 560 1336 hodie
586 1302 676 1346 Regi
704 1302 807 1346 cedit,
833 1301 962 1338 fivcilli
985 1303 1039 1337 cui
1057 1304 1128 1349 jura
1148 1302 1340 1350 hujusmodi
1367 1305 1520 1342 concessa
1537 1306 1624 1343 sunt.
1676 1308 1710 1342 Si
1735 1303 1825 1352 Regi

372 1348 486 1392 cedat,
518 1362 553 1384 re
582 1348 748 1394 distraffl,
777 1352 925 1398 pretium
950 1351 1020 1397 ejus
1041 1363 1101 1398 per
1128 1352 1234 1395 Regis
1254 1353 1564 1401 Eleemosynarium
1594 1357 1630 1390 in
1654 1356 1728 1404 pios
1753 1354 1826 1390 usus

372 1407 544 1442 erogatur.
596 1397 675 1442 Qa
692 1397 735 1432 de
753 1398 846 1433 causa
867 1411 1100 1435 DEODANDVM
1126 1399 1327 1444 appellatur.

420 1443 524 1490 Qafi
547 1445 662 1488 tegula
676 1445 761 1491 juris
779 1446 824 1480 est
851 1447 938 1493 apud
961 1458 1035 1489 nos,
1061 1456 1098 1480 ut
1121 1446 1269 1494 quilibet
1286 1449 1331 1484 ad
1349 1447 1510 1484 damnum
1531 1448 1616 1484 illud
1645 1447 1824 1484 resarcien-

371 1491 454 1527 dum
474 1502 643 1534 teneatur,
669 1492 775 1538 quod,
802 1492 853 1528 vel
874 1493 906 1529 se
934 1492 1051 1536 inscio,
1079 1493 1269 1541 quadrupes
1297 1496 1391 1531 suurn
1411 1498 1523 1531 vicino
1541 1496 1667 1542 fruges,
1694 1496 1825 1541 herbas,

371 1539 521 1582 arbores,
549 1538 728 1574 fruticesve
745 1541 814 1586 ejus
831 1540 1041 1587 depascendo
1059 1540 1112 1574 vel
1133 1543 1339 1587 proterendo
1358 1544 1486 1577 intulit.

420 1589 494 1620 Irno
511 1597 603 1628 vero,
631 1588 690 1632 qui
708 1586 772 1621 tale
787 1587 944 1622 damnum
964 1600 981 1620 a
999 1587 1219 1633 quadrupede
1237 1589 1376 1624 alterius
1391 1589 1501 1633 sentit,
1529 1589 1616 1624 illud
1629 1592 1663 1625 in
1685 1602 1821 1637 parcum

371 1632 543 1681 publicum
563 1634 776 1679 compastum
795 1634 950 1669 detinere
970 1634 1087 1679 potest,
1110 1634 1220 1668 donec
1238 1635 1395 1670 dominus
1417 1637 1646 1683 quadrupedis
1662 1637 1824 1673 damnum

370 1681 488 1716 datum
508 1680 798 1727 compenfiiverit3
834 1683 881 1715 ita
912 1691 947 1715 ut
966 1680 988 1714 sl
1007 1681 1200 1728 quadrupes
1227 1683 1365 1718 interim
1396 1684 1509 1719 inedia
1537 1696 1664 1730 percat,
1688 1685 1822 1721 domini

370 1727 524 1776 periculo
542 1728 696 1770 intereat,
724 1740 792 1762 non
811 1730 1076 1775 compingentis.

418 1776 451 1810 Si
483 1785 595 1809 tamen
626 1787 685 1822 per
711 1776 798 1810 viam
819 1775 987 1822 publicam
1007 1775 1261 1822 quadrupedem
1286 1776 1349 1813 five
1367 1791 1570 1822 armentum,
1596 1778 1659 1815 five
1686 1792 1822 1825 gregem

371 1823 446 1871 quis
464 1823 586 1866 egerit,
612 1833 684 1869 quse
700 1823 735 1856 in
754 1835 853 1867 agros
869 1825 921 1858 vel
942 1836 1079 1870 campos
1098 1825 1307 1871 propinquos
1325 1826 1440 1860 subito
1459 1828 1650 1875 irrumpunt
1670 1840 1676 1862 ι
1703 1827 1761 1862 ille
1782 1841 1822 1863 ea

371 1869 584 1917 subsequens,
602 1873 637 1904 &
653 1869 791 1914 abigens
808 1883 849 1905 nc
863 1870 1026 1906 damnum
1045 1870 1140 1914 dent,
1156 1872 1422 1917 transgi-effionis
1440 1887 1505 1909 non
1525 1885 1674 1910 tenetur.
1717 1877 1821 1911 Dam-

371 1930 451 1953 num
467 1926 592 1959 tamen‚
620 1915 642 1950 fi
656 1917 748 1964 quod
766 1917 885 1954 datum
902 1918 953 1962 fit,
979 1916 1134 1954 resarcire
1152 1929 1300 1955 tenetur.

417 1973 484 2007 Pro
499 1970 691 2017 libertate‚]
718 1973 791 2006 Liv.
810 1972 884 2007 Lib.
903 1986 932 2019 3.
954 1986 1085 2019 45.———
1100 1976 1136 2009 In
1149 1976 1190 2008 ln’s
1204 1976 1296 2017 enim,
1323 1987 1383 2020 quae
1400 1975 1567 2021 afferantur
1583 1978 1613 2010 in
1628 1977 1820 2021 libertatem,

370 2021 443 2066 quia
463 2019 648 2068 QIVIS
669 2020 798 2054 LEGE
824 2023 984 2056 AGERE
1005 2021 1103 2066 poffzt‚
1124 2023 1156 2056 id
1173 2025 1252 2064 juris
1269 2022 1333 2067 effe.

420 2067 611 2114 Coeperunt
632 2067 790 2102 'homines
815 2080 873 2114 pcr
901 2070 1138 2104 Procuratores
1165 2069 1332 2116 litigare]
1372 2073 1398 2105 A
1417 2072 1540 2106 Romulo
1560 2071 1732 2105 inventum
1753 2069 1819 2106 fuit

367 2114 422 2161 jus
441 2115 652 2156 patronatus,
675 2114 818 2161 juslique
836 2126 929 2149 crant
949 2117 1083 2151 Pati-icil
1101 2117 1179 2151 lites
1197 2129 1258 2164 pro
1276 2116 1457 2152 clientibus
1480 2117 1619 2165 plebeiis
1638 2117 1813 2166 filscipere.

371 2159 440 2196 Ubi
457 2161 524 2207 jam
543 2161 626 2196 istud
647 2162 839 2197 institutum
858 2162 1060 2206 exoleverat,
1087 2175 1203 2198 natum
1221 2163 1300 2198 inde
1318 2165 1363 2198 est
1380 2165 1471 2199 aliud
1488 2168 1686 2200 Pati-anorum
1700 2178 1818 2210 genus,

370 2208 463 2255 quod
490 2207 650 2244 fetorum
670 2208 853 2244 forensibus
872 2210 1104 2245 controversiis
1132 2210 1346 2255 consecrarit,
1373 2224 1577 2259 operamque
1604 2213 1818 2257 litigantibus

368 2267 427 2291 aut
445 2256 682 2300 commodarit,
708 2267 764 2292 aut
782 2257 912 2292 locarit.
965 2258 1132 2293 Caeterurn
1153 2258 1231 2293 huic
1251 2258 1370 2294 forensi
1389 2273 1499 2307 opera:
1517 2259 1597 2295 dare
1615 2259 1648 2295 se
1666 2260 1817 2296 solebant

368 2302 599 2339 adolescentes
629 2304 835 2347 nobiliffimi,
863 2305 984 2353 quibus
1006 2308 1154 2352 primum
1174 2307 1239 2341 hoc
1256 2315 1329 2342 erat
1356 2307 1525 2342 industriae
1545 2308 1725 2356 specimen,
1749 2309 1817 2355 pri-

368 2364 461 2387 mum
478 2351 642 2388 honorum
661 2351 904 2390 rudimentum.
958 2355 1037 2389 Nec
1053 2355 1235 2389 temerario
1254 2356 1383 2401 impetu
1402 2355 1544 2391 ruebant
1564 2360 1597 2390 in
1612 2355 1734 2397 forum,
1758 2355 1813 2389 sed

1614 2403 1814 2451 plerumque
