2059 2812
603 135 711 188 Lib.
751 136 817 188 II.
892 137 988 191 Tit.
1027 140 1144 192 XX.
1503 157 1599 208 139

170 234 344 286 Stichum,
379 248 483 288 quem
504 249 528 273 a
552 232 654 275 Titio
672 236 767 287 emi3
807 246 874 275 ant
889 237 1044 287 fiendum
1066 237 1319 291 Tusculanum,
1349 239 1411 292 qui
1431 238 1521 278 mihi
1540 240 1596 279 do-

168 307 278 336 natus
300 295 368 348 est,
392 297 461 344 Do,
492 297 596 350 Lego.

223 374 259 407 9.
288 365 482 414 Legatum
502 359 652 400 dicitur
668 359 746 399 effe
761 363 953 414 Legatum
972 362 1133 411 Generis,
1162 370 1196 405 ὅ(
1213 369 1407 418 Legatum
1426 365 1593 419 optionis.

225 437 287 462 10.
317 427 511 477 Legatum
535 425 677 478 generis
700 423 769 471 est,
796 424 957 476 quando
976 424 1085 463 nulla
1103 427 1214 465 certa
1241 426 1370 480 specie
1399 429 1463 468 seu
1496 427 1599 467 indi-

167 484 292 525 viduo
311 487 507 538 expressb,
535 485 776 539 generaliter
793 488 949 535 Servus,
980 487 1043 527 vel
1063 487 1139 528 alia
1158 501 1219 529 res
1236 489 1418 541 legatur:
1449 495 1483 530 ὃ(
1503 502 1598 530 tunc

166 547 311 588 eledtio
339 550 394 589 est
423 549 640 603 Legatarii,
679 549 750 588 nisi
775 549 882 590 aliud
908 552 1094 591 Testator
1119 551 1290 604 dixerit;
1335 552 1401 592 sed
1429 566 1479 591 eo
1509 551 1596 592 casu

166 612 400 665 Legatarius
422 612 544 666 eliget
563 626 636 652 nee
657 613 867 664 optimum,
895 627 946 654 ne
960 614 1126 655 nimium
1143 624 1285 656 noceat
1302 614 1467 656 Haeredi
1483 634 1495 664 ,-
1526 627 1596 654 nec

163 674 285 714 etiam
304 675 501 727 peffimum
520 675 681 730 cogitur
700 676 863 730 eligere.

226 751 285 776 11.
317 742 512 789 Legatum
546 738 701 789 optionis
738 739 792 777 est
828 738 897 778 ubi
931 740 1113 779 Testator
1143 738 1255 791 jubet
1285 739 1520 792 legatarium
1548 754 1596 780 ex

165 797 284 837 servis
310 798 400 847 suis,
429 798 491 838 vel
516 797 602 837 aliis
629 798 744 838 rebus
771 810 910 851 optare
938 799 1010 840 hac
1038 799 1597 856 f01·mula.-----Seimservum

166 875 294 910 meam,
321 875 423 913 quem
443 859 552 908 volet,
581 869 718 914 optato,
748 862 883 916 eligitO.
941 864 992 901 Et
1013 874 1107 904 tunc
1132 864 1335 918 Legatarii
1359 865 1414 904 est
1436 863 1598 913 electio,

165 933 208 961 ut
235 923 353 962 etiam
384 923 580 975 optimum
604 923 757 964 servum
778 934 919 977 optare
937 932 972 966 ἂ
998 924 1147 980 eligere
1174 925 1307 966 liceat.
1362 928 1462 982 Jure
1489 940 1598 967 novo

164 987 357 1038 Legatum
383 985 459 1024 hoc
485 986 540 1025 est
571 998 729 1038 purum,
770 991 805 1027 ὃ(
835 985 1118 1027 transmittitur
1148 987 1198 1027 ad
1229 987 1420 1039 haeredes,
1460 988 1601 1042 quibus

162 1045 220 1097 jus
250 1048 305 1087 est
332 1048 514 1100 optandi,
540 1047 638 1088 licet
661 1050 893 1103 Legatarius
926 1050 1002 1090 hoc
1029 1063 1112 1089 non
1138 1048 1295 1091 fecerit.

224 1122 284 1148 12.
315 1110 393 1149 Uti
413 1110 516 1148 inter
536 1109 725 1159 haeredes,
753 1112 807 1151 ita
827 1118 862 1153 ὅ(
883 1113 986 1151 inter
1005 1112 1220 1166 legatarios
1240 1113 1478 1166 conjunctos
1495 1113 1603 1155 valet

161 1170 225 1222 jus
249 1172 474 1223 accrescendi.
532 1175 670 1226 Qum
703 1174 809 1212 enim
841 1173 1016 1227 legatum
1045 1172 1090 1212 fit
1117 1173 1315 1214 delibatio
1341 1175 1603 1225 haereditatis,

166 1232 419 1283 praesumitur
446 1233 556 1282 sane,
598 1235 828 1274 testatorem
860 1235 1050 1283 noluisse,
1091 1246 1136 1276 ut
1168 1248 1229 1275 res
1261 1236 1391 1291 legata
1421 1237 1602 1291 pluribus

166 1306 284 1345 penes
311 1293 509 1334 haeredem
537 1306 706 1344 maneat,
734 1295 800 1336 sed
824 1310 905 1335 uno
928 1295 1126 1349 legatario
1154 1297 1380 1348 deficiente,
1408 1299 1519 1341 illam
1539 1310 1602 1342 to-

167 1367 246 1396 tam
265 1355 525 1409 collegatario
544 1355 716 1410 relinqui
734 1358 922 1399 maluiffe.

224 1434 287 1466 13.
319 1421 380 1457 Ut
402 1432 500 1472 ergo
519 1417 654 1456 locum
681 1418 824 1458 habeat
841 1419 902 1471 jus
931 1421 1209 1470 Accrescendi,
1234 1422 1454 1476 requiritur
1485 1441 1519 1466 1.
1540 1429 1604 1467 Ut

165 1481 457 1533 Collegatarius
492 1479 663 1520 deficiat.
723 1496 760 1522 2.
793 1485 855 1522 Ut
882 1483 1085 1537 Legatarii
1113 1483 1185 1523 fint
1210 1486 1427 1539 conjundfi,
1456 1487 1522 1528 seu
1552 1489 1601 1529 ad

165 1541 329 1582 eandem
359 1555 444 1581 rem
474 1540 620 1583 vocati.
680 1543 787 1584 Alias
816 1542 922 1583 enim
952 1542 1172 1585 deficientis
1202 1544 1382 1599 personae
1407 1552 1601 1603 Legatum

167 1607 429 1661 extinguitur.

222 1685 284 1719 14.
313 1671 496 1712 Deficere
527 1671 771 1725 intelligitur
788 1672 1079 1727 collegatariu5‚
1106 1673 1132 1713 fi
1155 1674 1218 1714 vel
1238 1686 1421 1727 tempore
1441 1678 1597 1718 conditi

166 1734 387 1774 testamenti
405 1747 484 1774 non
517 1734 665 1775 exfistat
697 1734 738 1773 in
769 1747 900 1774 rerum
934 1746 1089 1784 natura,
1117 1736 1182 1777 vel
1199 1736 1395 1789 spreverit
1412 1737 1600 1791 legatum,

127 1830 139 1834 .,
168 1796 232 1835 vel
252 1797 348 1836 vivo
378 1797 566 1836 testatore
596 1796 818 1846 decefferit‚
846 1796 909 1836 vel
942 1798 1023 1838 alio
1052 1799 1177 1840 modo
1202 1800 1328 1841 faetus
1348 1799 1395 1839 fit
1421 1800 1598 1854 incapax.

165 1865 267 1904 Nam
286 1860 312 1901 fi
333 1860 396 1902 vel
423 1869 629 1901 momento
647 1862 878 1902 testatorem
902 1860 1136 1915 supervixit,
1163 1864 1337 1918 legatum
1365 1865 1600 1908 transmittit

167 1923 216 1965 ad
234 1923 424 1973 haeredes,
451 1922 630 1976 adeoque
651 1924 759 1964 nihil
776 1923 962 1966 accrescit
980 1924 1260 1980 collegatariis.

223 2002 284 2035 15.
314 1987 446 2027 Potest
475 1999 602 2040 porro
628 1987 754 2043 legari
786 1988 852 2028 vel
879 1990 995 2041 pure,
1023 1988 1088 2029 vel
1115 1990 1158 2029 in
1184 1989 1321 2040 Diem,
1349 1988 1414 2029 seu
1437 2004 1483 2030 ex
1504 1992 1599 2041 Die,

168 2049 230 2090 vel
255 2049 324 2089 sub
343 2050 594 2101 conditione,
622 2052 686 2093 vel
715 2052 786 2093 sub
805 2054 1172 2106 Demonstratione,
1200 2054 1264 2098 vel
1288 2053 1359 2094 sub
1379 2055 1507 2105 causa,
1535 2055 1597 2097 vel

167 2112 238 2152 sub
257 2112 392 2154 modo.

224 2184 285 2216 16.
315 2180 410 2217 Pura
430 2178 597 2234 legatur,
624 2194 745 2233 quum
776 2195 798 2220 a
825 2180 939 2221 nullo
967 2191 1112 2221 eventu
1140 2182 1314 2236 legatum
1334 2179 1598 2233 suspenditur,

167 2244 202 2280 ὅ(
219 2250 316 2279 tunc
344 2241 473 2281 statim
499 2257 522 2282 a
547 2253 679 2283 morte
708 2244 908 2284 testatoris
932 2250 968 2286 ὅ(
987 2245 1077 2284 cedit
1097 2245 1209 2296 Dies,
1235 2250 1271 2286 &
1300 2244 1414 2284 venit.
1473 2241 1597 2282 Cedere

168 2303 317 2345 dicitur
335 2305 448 2352 Dies,
477 2318 523 2343 ex
538 2318 618 2357 quo
635 2305 774 2347 deberi
796 2308 938 2360 incipit
956 2326 964 2347 ε
995 2310 1132 2358 venire,
1160 2323 1207 2349 ex
1222 2322 1303 2361 quo
1321 2307 1406 2359 peti
1424 2307 1567 2358 potest.

903 2374 926 2410 S
955 2386 977 2409 2
1308 2384 1373 2414 ¹7-
1404 2373 1596 2423 Legatum
