2059 2812
608 145 715 197 Lib.
757 143 805 198 J.·
869 143 967 198 Tit.
1005 142 1174 198 XXV.
1548 152 1614 215 69

184 248 384 302 genuitate
399 240 580 286 movisset
600 246 742 286 tutori.
806 260 866 294 13.
899 247 1004 287 AEtas
1024 246 1150 297 major
1171 258 1235 288 70.
1252 244 1374 285 annis,
1439 257 1499 292 14.
1524 249 1616 286 Mu-

184 327 254 352 nus
280 312 655 359 Grammaticorum,
686 310 930 356 Rhemum,
958 309 1227 357 Medicorum,
1255 309 1324 362 qui
1349 308 1455 347 intra
1482 321 1616 348 nume-

184 388 269 414 rum
291 374 393 423 sunt,
417 373 580 414 decreto
600 372 753 413 ordinis
777 371 937 424 probati
963 376 998 411 ὅ(
1025 371 1221 423 cooptati,
1250 377 1285 411 ὅ(
1304 374 1463 419 Romae,
1491 370 1555 411 vel
1574 371 1616 410 in

181 437 308 489 patria
337 437 405 477 has
423 448 528 477 artes
551 437 712 477 docent.
771 433 846 475 Sed
864 440 898 475 ὃ(
916 434 1010 489 juris
1030 433 1325 474 Profefforibus
1343 434 1448 474 idem
1471 433 1616 475 tribuit

179 501 472 540 Constantinus.

179 614 186 621 ι
231 579 270 613 4.
301 567 356 605 Et
384 565 444 604 hae
469 564 631 617 quidem
652 563 772 604 causae
793 577 1017 605 communes
1037 564 1127 602 sunt
1147 563 1366 603 Tutoribus
1387 567 1422 602 ὅ(
1443 563 1617 600 Curato-

177 627 313 679 ribus;
357 628 429 668 Illa
457 627 622 681 propria
646 628 701 667 est
719 627 941 675 CuratoriS,
970 627 1080 680 quod
1099 627 1168 679 qui
1190 626 1355 666 tutelam
1374 624 1499 677 gestit,
1528 625 1615 677 jure

177 690 364 729 Romano
383 689 554 743 ejusdem
571 690 746 728 Curator
764 690 840 729 effe
860 703 939 729 non
958 699 1135 742 cogatur.

233 768 269 800 5.
302 754 483 795 Minores
501 762 634 792 autem
654 759 688 794 ὅ(
708 752 869 803 milites,
895 766 968 793 nec
992 766 1073 792 non
1094 751 1231 792 mariti
1253 749 1364 803 quod
1384 749 1527 788 attinet
1549 763 1615 789 cu-

175 826 258 854 ram
277 815 474 856 bonorum
491 814 642 863 uxoris,
671 813 778 853 surdi
796 815 916 854 etiam
933 822 968 857 ὅ(
983 815 1100 863 muti,
1128 821 1161 855 ἂ
1176 813 1356 854 foeminae
1377 811 1446 850 nis1
1465 824 1487 849 a
1501 811 1615 850 Prin-

175 878 263 929 cipe
284 879 458 918 filiorum
487 878 653 918 tutelam
676 877 897 930 specialiter
922 878 1136 932 postulent,
1165 891 1247 917 non
1263 876 1512 923 excusantur,
1547 873 1613 914 sed

174 942 434 995 repelluntur.

231 1013 269 1046 6.
300 1004 445 1045 Modus
464 1005 724 1045 excusationis
745 1005 800 1045 ita
824 1004 1038 1044 servandus
1058 1007 1126 1054 est,
1156 1014 1201 1044 ut
1215 1005 1350 1044 Tutor
1370 1002 1518 1041 causam
1548 1016 1614 1041 ex-

173 1069 384 1111 cusationis
404 1080 603 1123 proponat
623 1071 845 1123 probetque
866 1070 1110 1123 magistratui
1132 1083 1153 1107 a
1172 1082 1254 1122 quo
1283 1067 1397 1107 datus
1424 1067 1477 1107 est
1496 1084 1504 1105 ε
1534 1071 1568 1107 ὃ(
1587 1064 1615 1104 fi

174 1135 205 1173 is
224 1134 374 1173 causam
398 1134 568 1186 rejiciat,
596 1137 617 1173 a
636 1134 802 1174 decreto
822 1136 1068 1187 rejecstionis,
1096 1148 1177 1174 non
1199 1148 1219 1173 a
1238 1131 1402 1172 datione
1422 1131 1611 1185 appellet.

174 1195 249 1235 Sed
268 1201 302 1236 ὅ(
321 1193 438 1233 aliam
459 1195 546 1247 post
563 1194 677 1233 aliam
698 1194 988 1235 excusationem
1005 1197 1268 1246 interponere
1290 1196 1434 1246 potest.

231 1273 266 1302 7.
295 1255 442 1309 Qoad
471 1265 642 1307 tempus,
680 1256 891 1294 Excusatio
922 1254 1186 1308 proponenda
1214 1256 1268 1294 est
1298 1257 1401 1294 intra
1421 1255 1614 1308 quinqua-

174 1321 286 1373 ginta
306 1319 389 1358 dies
407 1317 665 1358 numerandas
686 1331 733 1356 ex
764 1332 815 1356 eo
844 1327 1039 1369 tempore,
1067 1332 1115 1356 ex
1143 1331 1224 1370 quo
1249 1319 1441 1372 cognovit
1459 1319 1544 1371 quis
1572 1317 1612 1357 se

173 1393 349 1423 tutorem
376 1381 452 1421 effe
479 1380 626 1430 datum,
656 1379 680 1418 fi
709 1381 749 1420 in
778 1380 915 1420 eadem
935 1381 1100 1420 civitate
1118 1379 1206 1429 fint,
1234 1380 1299 1420 vel
1327 1381 1436 1420 intra
1454 1382 1613 1421 centefi-

173 1459 282 1485 mum
300 1444 349 1484 ab
364 1444 462 1484 urbe
478 1443 648 1496 lapidem
666 1454 887 1484 morentur.
944 1444 982 1483 Si
1000 1456 1094 1483 vero
1110 1443 1220 1482 ultra
1233 1439 1480 1483 centefimuiu
1499 1443 1613 1484 habi-

174 1517 260 1547 tent
277 1505 450 1559 lapidem
469 1519 490 1544 a
505 1504 596 1545 loco
610 1503 763 1553 tutelae,
791 1505 834 1545 in
847 1505 1017 1561 fingulos
1034 1505 1117 1544 dies
1136 1505 1276 1544 vicena
1293 1505 1421 1545 millia
1434 1505 1611 1557 paffuum

172 1570 221 1609 iis
237 1567 522 1615 conceduntur,
540 1566 668 1608 donec
686 1567 847 1607 veniant
865 1567 916 1607 ad
934 1567 1066 1608 locum
1087 1566 1154 1605 ubi
1173 1576 1328 1607 tutores
1348 1566 1431 1606 dati
1452 1566 1556 1615 sunt,
1575 1574 1612 1609 ὃ(

173 1633 339 1686 amplius
357 1631 525 1686 triginta
541 1630 638 1681 dies,
666 1632 736 1684 qui
756 1641 885 1671 tamen
907 1632 963 1672 ita
978 1632 1126 1673 debent
1146 1631 1386 1686 computari,
1414 1645 1462 1671 ne
1482 1631 1611 1673 minus

172 1694 258 1743 lint,
287 1707 402 1746 quam
423 1693 712 1747 quinquaginta
730 1692 828 1734 dies.

230 1763 263 1798 8.
297 1759 426 1808 Atque
448 1755 536 1794 talis
567 1755 663 1808 justa
682 1755 879 1796 excusatio
898 1755 1050 1798 demum
1071 1755 1215 1796 liberat
1235 1756 1284 1795 ab
1306 1768 1429 1796 onere
1448 1759 1484 1796 ὅ(
1502 1756 1611 1808 peri-

173 1821 263 1860 culo
285 1819 440 1860 Tutelae
462 1823 498 1859 ἃ
522 1819 656 1869 Curae,
685 1819 848 1859 minime
876 1832 974 1859 vero
1001 1820 1154 1874 injusta.
1211 1819 1326 1875 Qin
1351 1824 1385 1860 ὅ(
1410 1819 1480 1871 qui
1508 1817 1610 1858 falfis

220 1930 313 1963 AEtas
331 1928 438 1974 major
451 1940 506 1967 70.
523 1927 655 1974 Annis]
697 1928 796 1964 Senes
812 1939 905 1975 aeque
922 1940 959 1964 ac
975 1930 1192 1973 Magistratus
1210 1938 1339 1964 veteres
1364 1927 1497 1963 reveriti
1520 1925 1606 1969 fiint,

174 1986 245 2020 quae
259 1976 446 2010 reverentia
463 1974 656 2010 confistcbat
681 1977 714 2009 in
736 1974 947 2019 assurgendo,
973 1978 1007 2010 in
1024 1977 1102 2010 loco
1118 1975 1234 2010 dando
1251 1988 1287 2011 ac
1306 1975 1476 2018 cedendo,
1503 1973 1608 2008 domo

175 2021 385 2065 deducendo,
410 2035 446 2057 ac
468 2021 674 2057 reducendo.
735 2026 805 2070 Juv.
824 2023 889 2057 Sat.
902 2034 955 2069 13.
975 2037 1005 2059 v.
1024 2037 1076 2070 54.

502 2085 671 2118 Credebant
687 2084 737 2118 hoc
747 2084 868 2128 grande
886 2083 982 2127 nefas,
1009 2095 1045 2117 ac
1064 2094 1157 2118 morte
1170 2085 1335 2129 piandum,

504 2134 540 2164 Si
556 2133 677 2173 juvenis
700 2133 796 2166 vetulo
822 2143 877 2165 non
899 2130 1111 2175 affurrexerat.

175 2190 254 2224 Fuit
270 2192 371 2225 etiam
388 2192 585 2227 venerabilis
610 2192 769 2227 Senectus
786 2191 1000 2227 excusatione
1016 2192 1198 2236 honorum,
1225 2197 1263 2229 8<
1285 2194 1461 2228 vacatione
1489 2201 1611 2225 mune-

176 2248 250 2270 rum
269 2237 497 2284 personalium.
550 2238 600 2274 Ab
618 2239 805 2274 honoribus
818 2239 1019 2276 excusabant
1033 2239 1123 2275 Anni
1146 2246 1202 2274 60.
1233 2243 1267 2276 in
1286 2240 1395 2275 Urbe.
1449 2241 1475 2272 A
1494 2240 1605 2271 Decu-

175 2285 307 2318 rionatu
324 2283 523 2321 excusabant
536 2288 621 2322 Anni
637 2292 692 2333 65.
747 2291 772 2322 A
789 2286 924 2322 Tutelis
941 2285 1139 2334 caeterisque
1159 2287 1353 2323 muneribus
1378 2283 1610 2332 personalibus-

176 2332 265 2365 Anni
284 2343 338 2370 70.

1508 2375 1601 2428 all-(3-⁸
