2059 2812
676 133 787 187 Lib.
821 136 859 187 [ζ
934 134 1029 188 Tit.
1061 132 1124 186 X.
1560 145 1619 196 37

190 242 328 283 monio
355 238 542 292 conjungi
570 236 629 290 jus
658 236 777 275 civile
806 235 1020 289 permittit,
1047 234 1139 287 quia
1166 247 1187 272 a
1216 232 1254 272 se
1277 229 1447 271 invicem
1479 230 1623 271 distant

192 316 335 360 quarto
352 302 487 357 gradu.
545 304 641 356 Jure
656 312 754 340 vero
771 299 978 340 Canonico
999 300 1105 339 inter
1123 295 1369 338 collaterales
1394 293 1624 349 prohibitio

192 368 242 409 ad
265 375 447 420 quartum
473 364 638 417 gradum
666 361 834 413 inclusive
860 360 1094 413 porrigitur.

248 444 305 468 11.
338 427 515 467 Parentis
541 437 672 466 autem
701 423 792 462 loco
820 422 984 469 dicitur,
1020 419 1089 473 qui
1117 418 1345 458 immediate
1375 418 1511 471 Stipiti
1537 417 1624 458 sub-

190 491 313 542 jectus
336 491 405 540 est,
440 504 486 529 ex
513 503 591 541 quo
618 486 714 540 ipse,
751 484 906 537 aliaque
941 482 1139 522 remotior
1166 491 1336 534 cognata
1361 481 1529 533 persona
1559 481 1626 521 de-

192 552 359 602 scendit,
387 553 510 606 qualis
525 565 600 606 ego
622 550 699 590 sum
718 548 854 588 fratris
872 547 947 588 mei
965 546 1071 594 filiae,
1101 544 1228 596 nepti,
1258 544 1448 595 Pronepti
1468 549 1540 585 ἃς.

247 630 307 655 12.
338 618 539 670 Qartum
564 611 896 664 Impedimentum
922 608 1019 650 facit
1051 607 1246 654 Affinitas,
1274 619 1361 658 quae
1390 606 1445 645 est
1473 605 1626 645 neceffi-

192 677 293 717 tudo
317 679 421 718 inter
439 678 662 731 Conjugem
683 680 718 716 ὅ(
743 673 905 714 alterius
929 672 1127 726 Conjugis
1146 679 1351 725 cognatos,
1409 667 1626 709 Affinitatis

192 752 325 788 autem
352 743 606 782 veneratione
633 736 900 778 abstinendum
926 738 981 777 est
1007 751 1027 776 a
1053 734 1202 789 nuptiis
1231 745 1387 781 eorum,
1416 732 1484 784 qui
1513 733 1627 773 nobis

195 805 312 846 instar
338 810 562 853 Parentum,
591 814 658 844 aut
685 803 920 850 liberorum,
949 812 1016 841 aut
1044 800 1227 847 fratrum,
1254 796 1490 838 sororumve
1521 797 1624 838 lunt.

192 870 257 909 Sic
284 870 324 908 in
353 870 460 910 reeca
492 868 596 908 linea
622 868 756 908 vetitae
785 865 873 905 sunt
900 864 1048 919 nuptiae
1076 864 1180 903 inter
1203 860 1404 902 Vitricum
1433 865 1468 900 ἃ
1501 861 1626 902 Privi-

191 943 324 983 gnam,
354 934 539 972 Socerum
561 937 594 973 ὅ(
618 942 774 977 nurum,
805 928 1036 981 Privignum
1062 929 1351 973 &Novercaim
1379 935 1571 977 generum
1592 929 1627 965 ὅ(

193 995 357 1034 Socrum
382 996 420 1033 in
447 994 654 1033 infinitum.
712 996 823 1031 Inter
838 990 983 1031 Affines
1001 986 1248 1030 collaterales
1266 987 1400 1027 vetitae
1424 983 1511 1025 sunt
1531 1000 1628 1039 nup-

194 1057 259 1097 tiae
281 1074 368 1099 cum
393 1072 518 1097 uxore
535 1057 734 1111 quondam
752 1055 886 1094 fratris
908 1055 984 1103 tui,
1012 1053 1075 1093 vel
1099 1052 1236 1091 sorore
1256 1050 1459 1104 quondam
1476 1051 1624 1092 uxoris.

192 1122 301 1160 Inter
316 1121 416 1161 duos
433 1134 529 1160 vero
543 1119 842 1172 comprivignos
856 1118 1006 1170 nuptiae
1023 1117 1130 1156 recte
1143 1113 1451 1162 contrahuntur,
1480 1112 1628 1152 etiamsi

194 1180 360 1220 fratrem
387 1194 635 1220 communem
657 1194 704 1218 ex
732 1193 839 1217 novo
869 1184 1085 1218 Parentum
1112 1175 1372 1217 matrimonio
1403 1174 1626 1228 susceptum

196 1242 377 1282 habeant.
434 1242 555 1284 Nulla
575 1241 681 1279 enim
706 1240 772 1279 hic
788 1239 967 1278 Affinitas
985 1238 1053 1286 est,
1080 1237 1171 1288 quia
1191 1235 1322 1275 affines
1345 1245 1498 1274 tantum
1520 1249 1626 1276 com-

196 1304 401 1356 paratione
424 1303 652 1355 Conjugum
674 1301 889 1351 dicuntur3
932 1301 1011 1338 hoc
1030 1299 1106 1344 est,
1141 1310 1279 1336 omnes
1305 1299 1464 1350 cognati
1494 1298 1628 1337 mariti

195 1366 284 1407 sunt
303 1367 431 1407 affines
451 1365 600 1414 uxoris,
629 1369 664 1405 ὃ(
687 1379 708 1404 e
737 1367 892 1403 contra.
951 1359 1024 1413 Ipfi
1044 1373 1140 1399 vero
1156 1358 1315 1414 cognati
1332 1360 1408 1398 viri
1429 1366 1464 1400 <St
1477 1363 1629 1401 Uxoris

152 1460 156 1461 γ
196 1430 301 1470 inter
320 1431 357 1469 se
384 1443 464 1469 non
485 1429 573 1469 sunt
597 1427 726 1468 affines
742 1448 752 1479 3
782 1439 858 1478 qua
877 1424 1032 1465 ratione
1055 1422 1135 1462 duo
1163 1420 1307 1462 fratres
1336 1422 1446 1463 recte
1477 1422 1629 1463 duabus

191 1493 410 1547 junguntur
434 1490 651 1532 sororibus,

255 1570 314 1603 13.
345 1553 529 1609 Qinto,
572 1552 740 1607 impedit
768 1551 948 1592 honestas
978 1557 1013 1593 &c
1043 1549 1180 1590 Pudor
1210 1548 1410 1589 naturalis.
1470 1552 1628 1603 Semper

195 1616 301 1655 enim
329 1616 372 1654 in
397 1615 745 1669 conjunctionibus
767 1628 847 1653 non
873 1613 999 1654 solum
1018 1612 1117 1665 quid
1143 1611 1262 1652 liceat
1287 1609 1628 1662 considerandum,

195 1679 261 1720 sed
280 1686 313 1722 ὅ(
327 1679 423 1733 quid
441 1679 643 1720 honestum
660 1679 717 1722 fit.
775 1679 881 1719 Hinc
904 1693 974 1718 nec
995 1678 1115 1718 filiam
1131 1678 1284 1717 Uxoris
1305 1677 1392 1729 post
1407 1675 1629 1715 divortium

195 1753 338 1793 natam,
368 1757 440 1783 nec
459 1742 594 1782 servili
617 1742 855 1795 cognatione
879 1741 979 1780 mihi
1005 1741 1178 1794 junctam
1202 1742 1309 1780 redte
1335 1739 1452 1778 duco.

252 1820 313 1854 14.
345 1808 484 1853 Sexto,
526 1805 651 1844 Ratio
683 1804 780 1857 juris
803 1801 945 1842 Civilis
976 1806 1084 1841 vetat
1111 1800 1411 1841 matrimonium
1439 1799 1629 1847 Tutoris,

193 1867 420 1916 CuratoriS‚
449 1865 606 1921 ejusque
628 1866 700 1905 filii
720 1864 930 1917 &nepotis
955 1878 1040 1904 cum
1065 1861 1219 1918 pupilla
1243 1861 1307 1901 vel
1333 1860 1492 1913 adultzi3
1531 1862 1626 1901 item

193 1930 368 1972 Praefidis
390 1943 475 1970 curn
489 1928 749 1977 Provinciali,
777 1937 947 1980 propter
963 1937 1112 1966 metum
1135 1923 1284 1964 fraudis
1301 1930 1334 1966 ὅ(
1357 1922 1627 1964 concuffionis.

194 1996 306 2037 Olim
321 1999 528 2036 Senatores
549 2007 630 2033 non
654 1994 762 2033 redte
781 1991 975 2031 ducebant
988 1990 1201 2040 plebeiam,
1230 1989 1398 2030 aliamve
1422 1987 1627 2036 humilem,

195 2061 301 2114 quod
322 2061 408 2114 post
428 2069 638 2100 mutatum.

253 2139 315 2172 15.
346 2125 560 2178 Septimum
580 2128 612 2164 ὅ(
630 2121 814 2161 ultimum
841 2119 1065 2173 requisitum
1086 2119 1205 2160 facile
1226 2118 1466 2174 intelligitur
1488 2133 1535 2158 ex
1549 2117 1626 2157 fine

196 2188 393 2241 potiffimo
414 2186 682 2234 Matrimonii,
711 2186 781 2239 qui
801 2186 855 2225 est
873 2184 1103 2238 procreatio
1119 2182 1290 2224 Sobolis‚

253 2261 312 2295 16.
345 2252 408 2293 Ad
427 2252 597 2292 formam
620 2261 751 2292 autem
767 2251 1013 2303 Nuptiarum
1031 2251 1103 2305 Jus
1121 2248 1254 2289 Civile
1280 2257 1428 2288 tantum
1457 2245 1627 2296 requirit

197 2314 423 2356 consensum
443 2324 528 2353 tum
551 2314 889 2363 contrahentium,
917 2323 1004 2353 tum
1027 2324 1184 2361 eorum,
1211 2322 1378 2363 quorum
1403 2307 1463 2347 illi
1490 2307 1532 2344 in
1554 2320 1626 2359 po-

197 2379 334 2420 testate
353 2377 456 2427 sunt,
484 2380 708 2419 Parentum.
1428 2384 1488 2414 17.
1517 2369 1626 2409 Con-
