2059 2812
645 154 754 207 Lib.
791 154 830 209 I.
906 154 1001 207 Tit.
1041 155 1107 208 X.
1534 174 1598 224 39

221 274 285 299 20.
317 257 443 299 Recte
479 256 682 296 commeta
717 254 978 295 Matrimonia
1010 254 1236 304 solvuntur,
1271 254 1337 297 vel
1367 263 1493 306 morte,
1535 256 1601 298 vel

168 323 347 364 Divortio.

217 389 282 426 ⁸21.
312 383 548 424 Divortium
577 384 632 422 est
646 381 867 422 Diffolutio
899 382 1146 422 matrimonii
1174 396 1225 422 eo
1251 383 1384 424 animo
1403 380 1522 433 fasta,
1551 396 1603 426 ne

165 450 407 490 divertentes
426 460 595 499 unquam
615 447 759 487 iterum
778 445 1082 500 conjungantur.

216 528 279 555 22.
311 512 452 554 Fiebat
475 512 572 551 olim
597 511 834 551 Divortium
862 510 926 550 vel
954 509 1044 550 hona
1060 509 1203 565 grand,
1227 514 1318 551 cum
1345 519 1488 551 mutuo
1506 524 1602 553 con-

163 574 274 619 sensu
293 577 540 618 discederent
543 600 630 608 -----
633 576 709 619 Vel
731 576 830 615 malci
845 575 984 630 gratia,
1014 589 1104 616 cum
1121 575 1248 616 invita
1265 575 1391 616 altera
1414 586 1527 629 parte
1548 575 1602 615 ob

163 643 318 696 culpam
341 642 406 682 seu
436 640 588 681 causam
614 641 697 694 ejus
729 638 1014 680 discederetur.
1069 638 1215 681 Causas
1243 649 1373 681 autem
1405 639 1604 693 ejusmodi

163 705 233 758 Jus
246 703 393 752 Civile,
413 704 532 743 etiam
547 701 809 750 noviffitnum,
828 702 1052 756 complures
1069 708 1105 745 ὃ(
1122 703 1293 744 leviores
1310 702 1503 757 agnoscit.
1531 706 1603 759 Jus

163 767 372 807 Canonum
403 766 541 814 nullas,
581 766 816 819 permittens
852 775 1008 806 tantum
1044 765 1334 819 separationem
1364 779 1537 808 Tuom
1565 769 1602 808 ὀε

165 843 196 868 Μ
210 843 232 870 E
244 846 271 873 N
284 845 300 870 s
311 847 355 879 Ε,
384 829 493 883 quod
511 829 678 882 proprie
692 829 931 870 Divortium
949 843 1033 870 non
1053 832 1119 873 est.

164 938 339 973 Addantur
358 940 426 973 haec
442 939 627 973 Horatiana
648 951 666 973 e
682 938 758 973 Lib.
775 951 804 974 1.
825 938 891 973 Sat.
905 942 936 973 6.

819 987 985 1032 Persuades
999 988 1052 1020 hoc
1067 987 1119 1020 tili
1136 984 1204 1021 νενὲ

496 1035 578 1067 Ante
592 1032 766 1079 potestatem
787 1034 884 1076 Tulli,
911 1044 1004 1078 atque
1020 1034 1144 1079 ignobile
1164 1045 1300 1079 regnum,

493 1082 614 1115 Multos
623 1081 698 1125 fiepe
711 1083 788 1117 vlros
806 1082 986 1118 NVLLIS
1008 1082 1084 1116 MA
1094 1083 1147 1116 IO
1157 1081 1305 1117 RIBVS
1322 1090 1400 1117 ortos

495 1130 541 1163 Et
557 1130 657 1173 vixisse
669 1130 785 1173 probos,
812 1130 918 1172 amplis
933 1127 970 1164 (θ’
990 1129 1142 1163 honoribus
1164 1131 1273 1164 auctos.

165 1191 269 1222 Erant
287 1188 459 1231 illegitimi
484 1197 629 1232 quatuor
654 1189 971 1230 generum—Alii
998 1189 1166 1223 naturales
1183 1202 1225 1224 ex
1241 1189 1456 1233 concubina,
1481 1189 1533 1225 vel
1552 1192 1602 1226 vi-

165 1235 244 1278 dua,
275 1245 331 1268 aut
350 1235 491 1277 Virgine
509 1233 803 1279 stuprata——Alii
826 1234 928 1281 spurii
952 1246 992 1268 ex
1010 1236 1353 1270 Meretrice—Alii
1383 1248 1425 1270 ex
1443 1235 1602 1272 Adultera

171 1282 323 1316 ——Alii
343 1280 493 1327 denique
510 1292 550 1313 ex
569 1279 756 1313 incestuofis
770 1280 978 1326 amplexibus
997 1284 1065 1314 nati
1084 1291 1188 1315 erant.

212 1327 431 1373 Divortium]
473 1325 637 1369 Qamvis
662 1327 819 1360 Divortia
843 1328 921 1361 viris
940 1328 1179 1375 permitterent
1200 1328 1301 1372 leges,
1329 1341 1397 1362 non
1419 1338 1530 1364 tamen
1550 1329 1601 1365 ul-

164 1376 233 1411 lum
244 1378 361 1410 Romae
375 1373 500 1408 exstitit
514 1371 705 1420 exemplum
725 1383 802 1407 ante
816 1386 940 1408 annum
959 1372 999 1407 ab
1013 1376 1058 1409 V.
1069 1374 1110 1408 C.
1128 1375 1267 1409 circiter
1282 1375 1601 1421 quingentefimum,

164 1435 232 1469 quo
260 1423 387 1469 primus
419 1432 560 1455 uxorem
586 1420 631 1454 ob
653 1420 861 1455 sterilitatem
888 1419 1018 1455 dimifit
1038 1424 1088 1466 Sp.
1107 1425 1260 1458 Carvilius
1274 1424 1375 1468 Ruga.
1428 1425 1472 1457 At
1490 1423 1602 1469 postea

164 1468 432 1517 frequentiffima
450 1469 570 1502 Romae
587 1466 682 1502 fuere
699 1470 867 1509 Divortia,
896 1472 932 1503 &
948 1466 1087 1515 quidem
1107 1482 1171 1503 non
1189 1469 1294 1504 solum
1310 1470 1352 1504 ob
1370 1469 1480 1504 causas
1497 1470 1602 1506 alicu-

160 1518 212 1564 jus
230 1517 411 1558 momenti,
437 1527 552 1550 verum
574 1516 677 1549 etiam
702 1515 744 1550 ob
761 1515 948 1550 leviffirnas.
1002 1515 1118 1550 Fiebat
1136 1516 1218 1551 olim
1238 1517 1433 1552 D1vortium
1452 1529 1518 1551 non
1533 1517 1601 1553 fine

163 1564 388 1605 solemnitate,
415 1573 448 1597 at
467 1562 575 1609 postea
601 1561 752 1605 invaluit,
780 1574 817 1598 ut
834 1562 1046 1611 paucioribus
1069 1563 1231 1598 adhibitis
1245 1564 1468 1598 Caeremoniis
1483 1564 1602 1599 dissol-

162 1623 298 1647 veretur
316 1611 588 1645 Matrimonium.
643 1611 768 1652 Primo,
795 1609 1096 1655 confringebantur
1114 1611 1256 1646 Tabulae
1274 1611 1419 1654 dotales,
1447 1621 1483 1645 ut
1510 1621 1602 1658 patet

163 1672 204 1694 ex
224 1659 336 1694 Tacit.
356 1661 441 1692 Ann.
460 1670 514 1692 XI.
534 1669 587 1703 30.
678 1661 834 1692 Frueretur
861 1660 917 1692 imo
944 1660 994 1700 iis,
1018 1657 1053 1694 ὠ
1079 1661 1215 1694 redderet
1233 1671 1367 1701 uxorem,
1392 1668 1602 1705 rumperetque

162 1708 277 1741 tabulas
299 1707 459 1750 nuptiales.
511 1707 564 1739 Eae
581 1707 670 1740 enim
690 1705 828 1740 Tabulae
847 1715 884 1739 ut
900 1706 1119 1740 matrimonio
1144 1705 1325 1749 firmando,
1352 1705 1394 1740 sic
1409 1707 1511 1741 etiam
1533 1706 1601 1741 dis-

163 1752 325 1788 solvendo
343 1750 574 1787 inserviebant.
629 1755 707 1800 ]ιιν.
724 1754 790 1787 Sat.
811 1765 843 1792 9.

774 1802 868 1836 TAB
880 1802 1000 1836 VLAS
1014 1813 1127 1846 quoque
1150 1801 1338 1837 RVPERA
1348 1801 1385 1844 T,
1414 1800 1451 1836 Θ
1468 1803 1536 1843 jam

498 1848 660 1892 Signabat.

163 1903 297 1938 Deinde
327 1901 562 1937 adimebantur
591 1902 721 1939 clavc53
758 1902 1058 1947 Qemadmodum
1084 1905 1174 1938 enim
1199 1916 1291 1939 novae
1312 1913 1421 1949 nuptae
1452 1901 1600 1946 ingreffae

163 1949 301 1985 domum
320 1952 439 1985 Mariti
457 1950 562 1985 claves
583 1951 614 1984 in
630 1950 755 1995 fignum
776 1952 1017 1986 communicati
1037 1964 1113 1986 cum
1130 1951 1166 1985 ea'i
1181 1951 1333 1986 Dominii
1358 1948 1599 1993 tradebantur3

164 1998 208 2031 ita
226 1997 371 2032 clavibus
389 1997 556 2043 ademptis
575 1997 821 2032 dirimebantur
840 1997 1026 2033 Connubia.
1079 2001 1167 2033 Tum
1193 2011 1295 2046 porro
1321 1996 1522 2031 dicebantur
1550 1997 1601 2032 so—

164 2044 276 2079 lennia
293 2045 391 2080 verba
408 2062 418 2087 ς
453 2046 512 2080 His
531 2047 620 2079 enim
640 2047 779 2079 omnino
808 2057 889 2092 opus
908 2045 1002 2080 fuisse
1020 2045 1069 2080 vel
1100 2046 1180 2081 inde
1209 2056 1314 2092 patet,
1343 2043 1437 2092 quod
1463 2044 1537 2078 Cic.
1556 2045 1600 2079 de

164 2093 258 2126 Orat.
274 2104 303 2126 1.
318 2104 372 2138 40.
394 2094 630 2127 ait—Certis
650 2093 822 2138 quibusdam
843 2095 949 2135 verbis,
974 2106 1028 2127 non
1051 2096 1131 2128 novis
1149 2097 1270 2138 nuptiis,
1290 2093 1358 2138 fieri
1375 2104 1439 2126 cum
1449 2092 1599 2137 superiore

164 2140 346 2174 Divortium.
398 2140 509 2175 Verba
539 2152 617 2175 vero
641 2141 700 2174 illa
727 2141 795 2174 haec
822 2150 915 2174 erant
940 2153 1001 2174 Rus
1023 2154 1112 2176 ”rvris
1138 2154 1220 2177 '1181
1249 2152 1401 2181 marro,
1434 2138 1485 2173 vel
1514 2151 1598 2173 TVAS

166 2197 228 2220 nes
255 2198 335 2221 'r1ss1
362 2200 496 2231 Aen-o,
533 2199 640 2235 eaque
671 2189 893 2234 pronunciare
923 2188 1120 2235 plerumque
1147 2187 1273 2223 solebat
1305 2186 1473 2222 Libertus.
1525 2189 1599 2233 Juv.

166 2232 231 2267 Sat.
247 2238 278 2268 6.
299 2245 326 2268 v.
347 2247 420 2281 145.

498 2283 612 2327 Collige
631 2284 822 2324 Sarcinulas,
848 2283 924 2317 dicet
938 2284 1169 2325 LIBERTVS,
1197 2282 1233 2318 (ἕν’
1251 2283 1346 2324 ΕΧῙ,

493 2329 574 2375 Jam
586 2335 689 2374 gravis
706 2343 737 2364 es
754 2330 845 2372 nohis,
873 2329 910 2365 ὠ
921 2331 994 2376 saepe
1011 2333 1202 2376 enmngeris3
1230 2331 1323 2365 EXI

496 2379 605 2423 Ocyus,
630 2376 666 2412 (ΞΤ
679 2387 802 2424 propera
817 2394 829 2420 5
847 2377 923 2422 ficco
939 2380 1020 2414 venit
1037 2380 1134 2413 altera
1153 2376 1230 2422 nafh.
1436 2408 1455 2454 S
1482 2420 1490 2455 I
1515 2420 1520 2444 ἲ

1459 2433 1479 2454 o
1495 2432 1596 2455 ceant
