2059 2812
429 169 465 205 ΓΙ
476 168 544 214 54,
838 146 1097 197 Elementa
1127 143 1272 210 Juris
1301 144 1470 197 Civilis

985 246 1031 294 T
1065 258 1083 293 1
1120 261 1171 294 Τ.
1243 244 1310 293 ΙΙ.

625 345 705 395 De
741 344 994 410 Legitima
1023 344 1339 408 Agnatorum
1374 340 1672 408 Succeffi'one.

499 458 534 484 1.
562 446 698 498 Qum
721 455 819 482 vero
848 448 883 483 ὃ(
910 441 1045 496 agnati
1073 441 1198 481 essent
1224 439 1397 494 ejusdem
1425 438 1588 479 familia:
1616 454 1659 480 ac
1685 439 1873 487 nominis,

438 508 535 547 Lex.
557 521 635 546 x11.
656 506 784 547 Tabb.
805 504 941 544 liberis
960 518 1040 543 non
1067 504 1333 545 exsistentibus
1356 502 1520 543 vocabat
1541 506 1718 557 Agnatos
1740 502 1873 556 proxi-

438 582 538 618 mos,
568 569 635 610 seu
655 585 702 610 ex
721 571 844 610 latere
864 581 936 621 per
957 567 1115 608 virilem
1137 569 1271 609 sexum
1291 569 1536 623 conjunctos,

975 680 1020 727 T
1059 695 1080 729 1
1119 696 1168 729 T.
1242 678 1334 728 III.

704 777 785 828 De
823 774 1240 843 Senatufconfhlto
1278 775 1596 829 Tertulliano.

494 891 528 917 1.
559 877 662 916 Cum
691 880 788 916 Lex.
809 888 886 914 ΧΗ.
907 874 1035 916 Tabb.
1070 884 1224 915 tantum
1259 885 1422 916 vocaret
1446 879 1648 929 AgnatOS,
1689 874 1869 927 adeoque

434 947 560 976 mater
591 937 730 977 liberis
760 936 971 977 succedere
998 951 1078 976 non
1112 937 1254 990 posset,
1291 938 1400 990 quod
1437 936 1580 977 durum
1610 935 1869 990 judicabatur,

432 999 602 1039 Adriani
639 1001 885 1054 temporibus
919 999 1065 1040 factum
1100 1001 1155 1039 est
1189 1000 1289 1040 S.C.
1319 1000 1626 1047 Tertullianum,
1655 999 1867 1039 secundum

430 1061 539 1111 quod
573 1073 700 1101 mater
733 1062 904 1115 ingenua
935 1061 1057 1101 trium
1091 1061 1315 1101 liberorum
1348 1063 1405 1115 jus
1430 1061 1590 1110 habens,
1617 1065 1653 1101 ὃ(
1679 1060 1868 1100 libertina

431 1134 602 1173 quatuor
620 1124 670 1164 ad
688 1124 791 1163 bona
809 1124 1032 1164 liberorum
1052 1122 1350 1164 admittebatur.

966 1234 1012 1282 T
1050 1248 1070 1282 1
1110 1248 1160 1282 T.
1232 1233 1322 1283 IV.

481 1349 501 1363 v
702 1332 782 1381 De
821 1329 1239 1400 Senatusconsulto
1276 1331 1583 1399 Orphitiano,

483 1442 516 1469 1.
546 1432 687 1486 Qum
719 1444 819 1483 ergo
851 1439 978 1469 mater
1008 1428 1086 1469 hoc
1113 1427 1236 1468 modo
1268 1428 1495 1469 succederet
1526 1428 1676 1478 liberis,
1704 1443 1860 1483 aequum

427 1490 636 1530 videbatur
656 1499 689 1534 ὅ(
709 1492 859 1532 liberos
880 1492 1089 1532 succedere
1109 1492 1243 1540 matri,
1270 1492 1360 1543 quia
1380 1492 1622 1533 succeffionis
1639 1493 1727 1545 jura
1748 1506 1863 1546 regu-

424 1552 564 1593 lariter
581 1554 669 1594 sunt
689 1556 907 1607 reciproca.

478 1630 515 1655 2.
548 1618 599 1654 Et
620 1617 675 1656 ita
694 1628 852 1657 cautum
873 1619 969 1658 S.C.
990 1617 1240 1671 Orphitiano
1267 1630 1371 1655 anno
1384 1620 1434 1658 V.
1448 1617 1496 1657 C.
1514 1631 1692 1657 CMXXXI.
1718 1619 1858 1659 Vettio

422 1678 584 1731 Juliano
605 1679 734 1727 Rufo,
763 1686 796 1720 ὅτ
823 1680 1017 1719 Cornelio
1043 1680 1232 1732 Scipione
1261 1679 1442 1732 Orphito
1461 1681 1591 1722 Coss⁸⁴
1608 1692 1653 1720 ut
1679 1682 1860 1737 legitima

422 1740 631 1780 haereditas
658 1743 797 1782 matris
815 1742 891 1782 five
908 1743 1102 1797 ingenuae,
1131 1742 1206 1782 five
1226 1742 1440 1793 libertinae,
1468 1742 1605 1784 liberis
1625 1755 1704 1784 tam
1727 1747 1859 1801 legiti-

422 1803 508 1852 mis,
535 1818 651 1857 quam
672 1805 794 1860 vulgo
809 1805 991 1858 quaefitis,
1019 1807 1196 1860 quamvis
1216 1806 1257 1845 in
1277 1805 1440 1846 alterius
1457 1808 1651 1860 potestate
1670 1811 1859 1850 constitu-

418 1868 483 1916 tis,
513 1869 561 1907 ab
580 1871 771 1910 intestato
781 1868 1027 1914 deferretur,

972 1981 1016 2028 T
1050 1997 1073 2030 1
1117 1997 1163 2031 T.
1239 1982 1302 2031 V.

739 2076 819 2126 De
855 2077 1145 2144 Succeffi'one
1180 2076 1523 2144 Cognatorum.

477 2189 512 2215 1.
541 2175 828 2216 Deficientibus
847 2175 999 2229 agnatis
1019 2184 1075 2215 ex‘
1092 2180 1201 2230 Lege
1223 2190 1299 2217 ΧΠ.
1319 2178 1447 2218 Tabb.
1475 2192 1556 2218 non
1584 2179 1759 2233 cognati,
1784 2179 1853 2221 sed

417 2237 599 2277 Gentiles
626 2238 885 2278 vocabantur.

472 2315 509 2341 2.
540 2299 613 2341 Sed
635 2304 787 2343 Praetor
806 2300 954 2343 Edicto
972 2300 1087 2341 Unde
1108 2299 1251 2356 Cognati
1270 2301 1545 2344 deficientibus
1564 2304 1713 2358 agnatis
1731 2304 1848 2343 etiam

1638 2379 1845 2422 cognatos,
