2059 2812
659 148 771 201 ω·
801 147 866 200 JJ.
940 147 1037 201 Tit.
1065 145 1117 199 J:
1536 162 1605 212 75

179 263 268 300 putes
285 253 395 290 AEdcm
419 251 466 295 rui
495 250 576 285 nu'ua
597 249 667 284 Lex
685 251 763 284 dista
787 248 836 295 cst,
856 246 948 294 salvi
971 249 1112 293 religione
1135 245 1211 293 pvffi'
1234 244 1401 292 transferri.
1451 246 1528 283 Lib.
1546 260 1599 283 10.

183 301 284 348 Epist.
304 302 356 346 58.

231 345 444 382 Accedebant
470 342 605 378 demum
634 342 762 391 Epulae,
788 345 824 377 δε
841 341 1073 389 Sportularum
1089 339 1294 385 distributio,
1314 340 1365 376 vel
1383 339 1520 389 publico
1543 352 1604 374 no-

184 396 285 435 mine,
309 393 360 427 vel
376 405 394 426 a
413 393 546 439 privatis
560 390 665 426 factae.

230 439 364 484 Qibus
381 438 536 473 omnibus
555 440 618 472 rite
633 436 786 483 p'eraffis,
814 436 860 469 ita
875 432 1048 482 occupasse
1069 432 1180 467 locum
1199 432 1396 468 credebatur
1411 434 1546 478 religio,
1571 444 1608 469 ut

183 499 349 533 nunquam
383 485 447 521 effe
465 483 571 531 poffet
595 485 628 518 in
644 483 811 518 Dominio
838 483 970 528 privati,
1002 479 1131 514 etiamfi
1160 480 1247 514 aedes
1264 481 1368 514 essent
1395 481 1527 524 dirutae,
1550 491 1608 515 aut

183 535 342 569 vetustate
358 533 442 568 colla
469 531 518 565 sae.
570 531 625 565 Sic
643 530 809 575 Trajanus
823 528 912 563 Plin.
929 527 1006 562 Lib.
1022 539 1076 562 10.
1098 527 1200 573 Epist.
1217 527 1513 571 76.-———Poffumus
1529 529 1608 572 apud

182 581 361 626 Prusaeenfhs
378 592 451 614 area
478 576 530 625 istd
549 590 615 612 cum
636 578 717 612 domo
734 574 873 620 collaps12‚
898 587 990 621 quam
1007 587 1116 610 vacare
1131 574 1246 619 scribis,
1263 576 1302 608 ad
1319 576 1529 608 extruaionem
1554 576 1608 607 ba-

181 630 255 662 linei
273 631 327 662 uti.
379 628 458 661 Illud
475 635 573 660 tamen
586 635 694 670 parum
715 622 880 669 expreffisti‚
906 634 946 656 an
964 623 1034 656 aedes
1063 623 1093 656 in
1112 622 1258 670 Peristylio
1276 622 1403 655 Claudio
1423 619 1511 665 falla
1529 623 1606 665 esset.

183 678 266 710 Nam
277 674 303 720 fi
314 674 402 718 fasta
420 674 491 707 ades
508 675 587 717 ψει,
613 673 686 704 licet
701 669 827 714 collapsa
840 670 890 714 fit,
917 670 1034 714 Religio
1052 671 1116 710 ejus
1132 669 1288 713 occupavit
1297 668 1403 713 solum.

233 723 303 756 Res
328 721 424 755 {acrae
442 717 505 754 effe
521 716 714 752 desinebant
735 728 1056 757 EXAVGVRATIONE,
1080 727 1155 762 quae
1172 714 1274 750 fiebat
1301 726 1359 761 per
1382 713 1613 748 evocationem

184 769 375 804 Sacrorum.

233 815 346 860 Captae
359 824 496 861 quoque
515 812 554 846 ab
570 810 716 845 hostibus
735 822 784 845 res
801 808 897 844 sacrat
914 808 978 844 esse
995 807 1208 844 de'finebant;
1233 807 1379 843 liberatae
1396 816 1506 840 tamen
1521 804 1613 851 quali

179 867 248 905 jure
271 862 444 905 Postliminii
473 860 641 904 pristinam
671 856 914 904 recuperabant
941 857 1214 890 Sanffimoniam.
1267 853 1371 890 Unde
1397 851 1496 887 facile
1523 862 1615 898 patet

184 922 243 944 cur
255 908 403 942 Romani
422 907 529 940 hostes
544 907 662 941 Divina
679 905 872 948 humanaque
890 906 986 938 omnia
1003 904 1108 937 dedere
1120 905 1271 944 juberent.
1323 903 1398 935 Liv.
1414 912 1445 934 1.
1467 899 1522 946 38.

232 953 398 1000 Donaria]
442 955 592 987 Donaria
608 950 660 986 vel
677 962 718 986 ex
735 950 962 997 antiquissima
983 948 1087 996 usque
1105 949 1268 984 vetustate
1289 950 1364 982 Diis
1381 956 1475 981 erant
1491 944 1615 986 oblata,

186 1006 222 1037 ὃς
239 1000 376 1048 quIdcm
397 999 530 1034 eosdem
546 999 642 1046 plane
658 997 702 1032 ob
722 998 807 1032 fines
823 997 936 1032 oblata
953 995 1121 1038 videntur,
1148 995 1271 1042 quibus
1288 995 1330 1029 ad
1346 993 1509 1028 sacrificia
1534 991 1616 1026 ado-

186 1049 285 1084 lenda
307 1047 585 1095 impellebantur;
603 1056 722 1093 nempe
739 1046 780 1080 iis
797 1044 849 1080 vel
865 1047 956 1079 Deos
974 1042 1074 1078 iratos
1092 1042 1280 1090 placabant,
1299 1042 1350 1077 vel
1364 1049 1502 1086 accepto
1518 1038 1618 1073 bene-

187 1096 267 1130 ficio
286 1097 408 1139 gratias
425 1092 620 1128 reddebant.

235 1145 340 1176 Erant
357 1150 468 1174 autem
483 1142 562 1172 Haec
574 1140 722 1173 Donaria
738 1138 910 1172 interdum
928 1150 1057 1173 coronae
1072 1137 1181 1180 sacrae,
1207 1136 1321 1179 vestes,
1345 1132 1416 1171 vasa
1431 1145 1541 1176 aurea,
1568 1143 1618 1166 ar-

172 1197 323 1231 ⁴¹gentea,
348 1197 445 1225 terea,
468 1189 504 1219 δε
526 1184 560 1218 id
578 1196 679 1227 genus
696 1183 852 1222 infinita;
879 1194 951 1228 quae
975 1185 1055 1227 quia
1078 1183 1277 1228 plerumque
1308 1186 1343 1215 in
1372 1182 1484 1227 aliqua
1503 1178 1618 1225 templi

189 1244 280 1282 parte
299 1230 578 1278 suspendebantur
605 1228 765 1270 ἀναθήματα
786 1228 876 1263 dicta
902 1226 974 1263 sunt
999 1228 1043 1260 ἰπό
1061 1228 1093 1259 τῖς
1115 1228 1263 1261 &voisgram
1317 1230 1413 1262 Nam
1435 1226 1539 1261 modo
1562 1237 1620 1258 co—

190 1282 324 1321 lumnis,
351 1277 455 1312 modo
474 1277 657 1323 parietibus
675 1287 713 1308 ac
731 1275 890 1321 postibuS,
913 1274 1017 1308 modo
1043 1273 1194 1317 fastigiis,
1219 1287 1257 1308 ac
1276 1273 1397 1309 Tholis
1414 1272 1619 1318 templorum

190 1326 414 1372 affigebantur.
467 1325 557 1358 Hinc
571 1319 807 1365 Virg.AEneid.
824 1333 858 1362 9.
881 1331 915 1355 v.
931 1333 1011 1366 407.

835 1376 869 1408 Si
887 1386 946 1420 qua
964 1372 1021 1419 ipse
1039 1376 1193 1408 venatibus
1212 1376 1296 1416 auxi,

523 1424 703 1470 Suspendive
721 1423 825 1466 Tholo,
853 1431 907 1456 aut
916 1421 1009 1468 sacra
1026 1422 1066 1455 ad
1083 1420 1206 1467 fastigia
1225 1414 1292 1466 fixi.

191 1484 233 1516 Et
250 1483 334 1516 Hor.
349 1479 426 1514 Car.
447 1478 523 1514 Lib.
542 1491 572 1514 1.
592 1477 671 1513 Ode
689 1489 719 1524 5.

677 1523 871 1557 ——Me
892 1520 996 1558 tabula*
1013 1521 1101 1567 sacer

523 1574 630 1609 Votiva
651 1574 750 1617 paries
776 1572 892 1606 indicat
915 1570 1006 1605 uvida

570 1620 748 1666 Suspendisse
768 1620 883 1663 potenti

527 1669 709 1703 Vestimenta
734 1668 824 1700 maris
848 1668 926 1700 Deo.

242 1725 369 1759 Eadem
401 1731 526 1765 tamen,
553 1721 647 1769 quod
678 1723 714 1755 in
737 1719 872 1766 templis
898 1717 1041 1766 repofita
1066 1716 1181 1760 essent,
1207 1716 1325 1765 ibique
1347 1714 1438 1752 forte
1460 1717 1625 1764 jacerent,

193 1771 346 1811 ἀνακεηιῖρα
363 1770 453 1804 dista
472 1772 630 1814 reperias.

244 1816 438 1865 Aliquando
454 1817 494 1850 iis
510 1814 653 1858 causam,
676 1827 736 1849 cur
753 1813 864 1848 dicata
877 1811 1022 1856 fuerant,
1039 1810 1287 1853 inscribebant;
1314 1810 1483 1846 interdum
1499 1814 1535 1846 &
1549 1812 1626 1857 qui-

195 1866 273 1900 dem
301 1863 492 1912 praesertim,
519 1874 597 1897 cum
628 1863 769 1896 Donarii
797 1861 938 1895 materia
959 1860 1066 1894 literis
1086 1858 1222 1893 inscribi
1241 1872 1308 1893 non
1331 1858 1449 1905 poffet,
1476 1857 1625 1893 tabulam

196 1911 436 1963 adjungebant,
461 1922 536 1956 quae
551 1911 683 1944 Pictura
698 1921 770 1943 eam
786 1907 985 1941 declarabat.
1037 1905 1144 1950 Qod
1159 1916 1229 1940 rum
1244 1919 1286 1941 ex
1302 1905 1406 1941 modo
1423 1907 1536 1941 citatis
1550 1905 1625 1940 Ho-

197 1961 273 1994 ratii
291 1958 434 1994 verfibus
451 1957 587 1999 constat,
611 1967 680 1991 tum
698 1969 739 1990 ex
755 1954 910 1997 Tibullo,
935 1953 1047 1988 Lib.1.
1066 1954 1160 1997 Eleg.
1176 1966 1203 1999 3.

527 2006 627 2046 Nunc,
645 2007 730 2046 Dea,
743 2003 885 2048 succurre
904 2003 987 2043 mihi,
1003 2013 1074 2035 nam
1086 2001 1159 2046 posse
1177 2002 1288 2035 mederi

577 2054 625 2086 ΡΙ
633 2054 662 2086 C
669 2051 727 2085 TA
742 2052 824 2085 docet
841 2051 955 2094 templis
973 2050 1071 2082 multa
1086 2050 1145 2084 TA
1154 2048 1310 2083 BELLA
1326 2050 1398 2083 tuis.

201 2108 279 2151 Qo
296 2105 401 2141 allusit
418 2108 519 2142 etiam
538 2109 662 2140 Horat.
678 2105 755 2139 Lib.
773 2117 805 2139 2.
822 2105 891 2138 Ser.
910 2105 975 2138 Sat.
994 2115 1023 2137 1.
1043 2114 1118 2137 cum
1140 2104 1200 2145 ait,

532 2156 592 2190 VO
600 2154 652 2188 TI
657 2155 713 2188 VA
726 2161 833 2198 pateat
849 2153 943 2187 veluti
958 2151 1106 2197 descripta
1126 2151 1351 2186 TABELLA

576 2201 646 2235 Vita
673 2204 740 2234 anis.

205 2249 245 2281 Et
258 2246 358 2281 Ovid.
373 2250 480 2283 Amor.
499 2247 575 2283 Lib.
590 2261 624 2283 2.
641 2199 692 2282 Esl.
711 2259 764 2292 13.
782 2246 823 2280 ad
840 2245 972 2290 Ifidcm,
989 2256 1025 2281 ut
1038 2247 1224 2294 parientem
1239 2245 1419 2279 Corinnam
1434 2244 1540 2290 juvet.

535 2301 596 2345 Ipse
612 2312 663 2345 ego
680 2301 768 2334 thura
785 2300 985 2346 dabofumofis
1000 2299 1145 2333 candidus
1162 2303 1240 2340 ari5;

586 2350 646 2392 Ipse
666 2347 768 2391 seram
783 2357 852 2382 ante
869 2357 946 2389 tuos,
972 2357 1109 2389 munera,
1134 2355 1216 2388 vota,
1236 2344 1334 2388 pedes.

945 2396 978 2427 K
1005 2405 1026 2426 2
1470 2387 1627 2429 adjiciam
