2059 2812
562 138 672 190 Lib.
707 136 745 189 J.
820 135 917 190 Tit.
955 134 1099 188 XVI.
1490 96 1495 97 ⁷
1523 151 1585 199 55

206 261 243 290 „2.
273 244 416 295 Estque
434 239 597 293 triplex,
627 238 814 287 Maxima,
843 238 975 278 minor
988 235 1063 276 five
1080 235 1225 285 media,
1253 232 1482 283 &minima‚
1509 251 1586 289 pro

149 307 300 360 triplici
325 306 439 352 statu,
469 304 535 342 seu
555 300 791 341 conditione
822 299 1008 349 hominis,
1036 297 1186 338 scilicet
1214 297 1450 347 LibertatiS‚
1477 300 1587 339 Civi-

149 371 257 417 tatis,
285 372 318 408 ὅ(
333 365 509 406 familiae.

205 449 239 482 3.
271 434 453 469 MAxmA
475 428 544 475 est,
573 440 663 466 cum
686 423 772 477 quis
795 420 1040 471 libertatem,
1068 427 1103 463 &
1131 420 1421 475 consequenter
1448 424 1505 477 jus
1535 424 1589 464 ci-

148 494 252 534 vium
272 498 305 534 ἃ
326 492 459 532 onmia
479 491 644 539 amittit,
672 485 782 541 quod
802 485 921 525 servis
940 485 1054 527 facitis
1071 486 1287 539 contingit.

202 571 241 605 4.
273 560 434 596 Mmon
454 552 528 593 five
547 566 681 593 Meum
701 550 770 598 est,
800 562 889 590 cum
909 547 1014 588 salv&
1043 548 1233 588 libertate
1255 548 1409 597 civitem,
1436 554 1472 589 ὃ(
1498 563 1590 589 con-

147 619 356 672 sequenter
379 620 436 672 jus
455 616 617 657 familiae
637 614 850 662 amittitur,
878 612 987 667 quod
1011 613 1131 654 fiebat
1150 626 1257 665 aquae
1283 618 1319 654 ὃς
1345 612 1448 668 ignis
1468 612 1592 653 inter-

147 682 342 735 dictione,
370 683 435 722 cui
454 681 608 736 adjecta
626 678 705 720 fuit
720 677 982 730 Deportatio.

204 761 241 793 5.
272 751 449 786 MiNmA
470 744 539 791 est,
568 755 659 782 cum
682 739 789 780 salva
808 740 996 780 libertate
1015 745 1050 782 ὅ(
1065 740 1243 789 civitate,
1272 738 1425 781 familia
1443 740 1594 781 amitti-

149 818 229 860 tur,
258 808 370 862 quod
385 806 530 849 accidit
545 805 800 858 emancipatis
816 810 851 846 ὅ(
867 806 1074 858 arrogatis,

208 883 243 914 6.
275 877 385 928 Ergo
413 885 484 911 nec
518 869 768 912 Manumiffio
802 869 931 918 Servi,
961 882 1031 909 nec
1062 867 1287 923 Dignitatis
1315 868 1493 919 Amiffio,
1521 881 1594 909 nec

150 937 381 991 Relegatio‚
411 935 552 988 capitis
570 934 804 974 Diminutio
823 934 890 974 est.

151 1046 235 1082 nihil
259 1046 322 1082 fuit
348 1046 403 1081 ista
430 1046 464 1079 in
493 1044 617 1079 Insulas
643 1043 883 1091 deportatione
913 1041 1134 1089 frequentius.
1184 1043 1298 1078 Tacit.
1325 1043 1512 1078 Annal.111.
1532 1043 1591 1078 68.

152 1096 312 1130 -—--Tum
329 1097 460 1130 Lucium
474 1093 609 1139 Pisonem
617 1091 801 1139 sententiam
819 1101 914 1136 rogat.
967 1093 1025 1126 Ine
1044 1093 1172 1126 multum
1196 1093 1232 1125 de
1257 1090 1418 1126 clementia*
1438 1092 1592 1136 Principis

149 1142 289 1187 praefatus
306 1154 386 1187 aqua
408 1151 497 1185 atque
522 1142 585 1184 igni
602 1142 703 1175 silano
721 1139 955 1173 interdicendum
980 1138 1103 1182 censuit,
1129 1139 1278 1184 ipsumque
1303 1140 1334 1173 in
1348 1140 1539 1174 INSVLA
1551 1138 1598 1173 M

153 1192 290 1237 Gyarum
310 1186 674 1222 RELEGANDVM.
728 1185 924 1220 Annal.1V.
946 1197 1001 1218 21.
1041 1187 1189 1229 Bonisque
1216 1195 1324 1219 exutus
1349 1188 1504 1220 interdicto
1532 1188 1594 1231 igni

153 1247 343 1316 atqgieozlzglzg
358 1230 906 1326 SiofgEggtsslngrgotnssgftrtglcgatio'
931 1277 982 1310 vel
1002 1276 1195 1324 deportatio
1223 1278 1257 1311 in
1282 1277 1434 1324 Gypsum
1452 1279 1593 1325 AEgypti

155 1328 304 1372 insulam,
330 1328 484 1373 itemque
501 1325 536 1358 in
553 1325 683 1369 Gyaros
700 1321 795 1357 fumo
815 1322 982 1356 notabiles
998 1325 1073 1369 Juv.
1084 1324 1147 1357 Sat.
1163 1326 1184 1356 1.
1207 1337 1262 1368 73.

484 1372 576 1405 Aude
594 1371 708 1416 aliquid
726 1371 854 1405 brevibus
869 1372 900 1404 G
913 1372 1074 1413 TARIS,
1100 1369 1136 1405 df
1155 1382 1273 1405 carcere
1291 1371 1429 1415 dignum,

490 1420 523 1454 Si
541 1420 585 1454 vis
602 1418 654 1463 effe
672 1419 794 1463 aliquis.

154 1472 197 1504 Et
216 1467 319 1504 Oasin
338 1468 422 1503 inter
436 1468 620 1513 AEgyptutn
644 1469 681 1500 δε
705 1467 850 1512 Cyrenas
869 1463 1001 1508 muscis,
1027 1469 1063 1501 &
1083 1465 1246 1500 culicibus
1266 1464 1437 1500 famosam.
1451 1486 1494 1492 -
1509 1467 1596 1502 Om-

153 1530 210 1551 nes
230 1525 341 1550 autem
360 1513 496 1550 Exsules
521 1512 658 1560 perinde
686 1512 906 1555 habebantur,
931 1525 968 1547 ac
986 1512 1008 1547 si
1027 1512 1132 1548 effent.
1149 1515 1210 1559 qui
1229 1526 1302 1547 eam
1319 1512 1518 1549 sententiam
1545 1527 1596 1550 re-

154 1575 312 1612 ceperant
340 1572 449 1597 morte
476 1560 642 1596 mulctati.
693 1558 796 1595 Unde
814 1564 849 1594 ὃς
868 1559 960 1595 diem
985 1573 1052 1607 qno
1073 1560 1114 1595 ab
1132 1559 1248 1594 exsilio
1272 1562 1348 1609 quis
1367 1560 1510 1595 redierat
1530 1577 1597 1598 NA-

154 1624 277 1646 TALEM
295 1610 470 1652 vocabant,
496 1619 656 1655 tanquam
676 1620 745 1654 quo
771 1610 874 1643 vitam
898 1610 1044 1654 primurn
1071 1608 1282 1656 recepissent,
1309 1609 1462 1654 itemque
1488 1623 1596 1645 ALTE-

155 1670 243 1694 Rlvs
271 1671 375 1694 VITAE
404 1668 590 1692 1N1T1vM.
645 1657 698 1690 Ita
729 1660 766 1692 &
787 1655 1009 1690 Athenienses
1028 1658 1148 1690 Patriae
1166 1657 1334 1691 restitutos
1362 1654 1488 1690 exsules
1506 1661 1596 1691 Atm-

154 1706 303 1748 &m'wuc,
336 1703 428 1752 quasi
458 1716 621 1738 SECVNDA
651 1716 740 1738 FATA
768 1714 879 1738 onsos
907 1703 1131 1750 adpellabant.

155 1799 167 1835 l
190 1755 374 1835 merMA
399 1751 546 1798 denique
571 1749 700 1796 Capitis
726 1751 920 1785 Diminutio
936 1752 1008 1798 jura
1034 1750 1171 1786 familice
1189 1762 1292 1798 atque
1311 1752 1510 1795 Agnationis
1528 1750 1597 1786 tol-

169 1813 186 1836 e
213 1810 259 1835 at.

204 1845 459 1882 Observandum
479 1845 535 1888 est,
559 1845 650 1893 quod
669 1844 757 1893 apud
774 1854 902 1879 veteres
921 1859 1092 1882 MINVERE
1112 1846 1191 1881 effer
1207 1845 1297 1881 idem
1314 1858 1353 1880 ac
1373 1858 1531 1882 MVTARE.

203 1896 347 1930 Terent.
363 1896 397 1929 in
413 1894 537 1940 Hecyr.
555 1895 628 1928 Aet.
643 1906 675 1939 4.

634 1942 917 1985 ——Equt'dem
937 1943 1015 1985 cupio
1033 1940 1070 1976 (ᾗ
1092 1943 1143 1975 rix
1162 1943 1305 1976 contineo.

493 1990 552 2023 Sed
568 2001 622 2023 non
640 1989 710 2023 M]
717 1990 753 2022 N
757 1990 812 2023 ΓΑ
823 1988 866 2021 M
884 2001 981 2023 meum
999 1989 1283 2035 confilium—-

163 2036 255 2072 Idem
269 2037 303 2071 in
318 2035 420 2071 Andr.
435 2038 505 2072 Αέε.
524 2050 556 2072 2.
577 2037 673 2070 Scen.
694 2049 723 2082 3.

492 2084 575 2118 Nam
594 2085 676 2118 hocce
694 2086 774 2118 haud
791 2084 910 2118 dubium
928 2086 981 2125 essi,
1008 2084 1078 2128 quin
1096 2085 1237 2119 Chremes

489 2131 557 2165 Tibi
575 2144 629 2166 non
650 2133 700 2165 det
719 2134 872 2174 Gnatam,
898 2143 951 2165 nec
968 2141 1000 2165 tu
1017 2146 1052 2164 ea
1075 2132 1166 2176 causa
1184 2132 1464 2169 M'INVERIS

494 2179 571 2214 ΗΜ
587 2190 648 2223 quae
659 2177 749 2223 facis,
775 2192 811 2214 ne
831 2182 855 2212 is
873 2188 967 2213 mutet
978 2178 1276 2224 suamsententiam.

208 2224 274 2257 Pro
290 2223 415 2272 triplici
432 2225 533 2272 statu]
561 2227 641 2259 Haec
658 2227 722 2260 tria
736 2225 815 2262 scite
825 2226 986 2260 Chremes
1000 2225 1086 2273 apud
1103 2228 1241 2262 Terent.
1260 2229 1292 2262 in
1310 2228 1475 2263 Eunucho
1485 2228 1594 2271 Actu.

161 2272 257 2307 Scen.
268 2283 300 2312 7.
325 2272 376 2306 his
390 2272 498 2308 verbis
513 2272 760 2320 complestitur.
1343 2274 1593 2319 [SOROREM.

493 2322 571 2357 Dico
587 2333 654 2356 eam
673 2321 726 2367 effe
744 2321 972 2364 LIBERAM,
996 2321 1151 2358 CIVEM
1172 2323 1418 2364 ATTICAM,
1444 2321 1601 2356 MEAM

1420 2380 1601 2448 JUS
