2059 2812
421 157 520 214 158
813 145 1069 196 Elementa
1104 139 1251 208 Juris
1285 140 1451 194 Civilis

420 261 537 299 natae,
565 244 786 287 haeredibus
803 241 960 295 scriptis
978 241 1019 280 in
1038 255 1088 281 eo
1106 242 1340 283 testamento
1355 262 1366 293 ;
1396 248 1431 283 ὅ(
1446 255 1491 281 ex
1508 238 1856 283 constitutionibus

421 313 649 364 Principum
669 306 992 348 accommodatur
1013 305 1133 345 etiam
1154 304 1355 345 bonorum
1374 305 1552 357 poss'effio
1571 295 1783 345 secundum
1801 312 1859 341 ta-

422 377 535 416 bulas
556 374 676 414 etiam
699 370 922 413 haeredibus
939 369 1232 423 nuncupativis.

477 453 513 484 7.
547 436 676 475 Contra
698 433 844 474 tabulas
872 432 1041 471 dabatur
1068 431 1268 472 bonorum
1289 428 1467 484 poffeffio
1497 430 1694 482 praecipue
1723 427 1861 468 liberis

420 499 670 539 naturalibus
698 504 732 540 δι
759 495 958 550 adoptivis
983 495 1262 547 emancipatis,
1303 509 1325 533 a
1357 503 1469 545 patre
1501 506 1627 546 neque
1659 491 1861 536 institutit„

413 577 551 616 ,neque
571 560 846 609 exhaeredatis,
875 559 942 598 sed
965 558 1193 612 praeteritis,

480 632 514 668 8.
544 626 603 666 Ab
623 623 792 677 intestato
811 633 985 676 quatuor
1004 620 1241 674 potiffimum
1260 629 1374 659 erant
1394 620 1537 673 gradus
1556 620 1755 660 bonorum
1775 617 1861 672 pos-

422 688 616 730 sessionis:
646 688 797 741 primus
816 700 863 725 ex
883 684 1030 725 Edicto
1048 684 1163 724 Unde
1184 682 1310 722 Liberi
1326 702 1337 733 ,·
1367 684 1468 722 alter
1487 698 1533 722 ex
1552 683 1713 732 Edicto,
1745 683 1861 721 Unde

427 751 631 807 Legitimi;
673 751 815 791 tertius
848 763 895 788 ex
923 747 1070 788 Edicsto
1091 748 1206 787 Unde
1238 747 1385 801 Cognati
1400 766 1411 797 ς
1454 757 1613 799 quartus
1643 760 1690 786 ex
1713 745 1861 786 Edicto

422 816 545 856 ‘vnde
578 816 647 855 Vir
671 819 704 855 &
737 813 869 853 Uxor.
926 811 1041 850 Olim
1072 811 1232 864 quidem
1266 819 1380 850 erant
1415 809 1571 862 plureS‚
1608 823 1629 848 a
1659 809 1864 862 Justz'itiano

423 879 601 923 sublatae.

482 959 519 991 9.
550 945 686 984 Primo
705 955 803 997 ergo
823 946 977 983 Praetor
995 940 1142 980 Edicto
1160 939 1279 979 Unde
1295 939 1420 978 Liberi
1443 951 1520 978 una
1544 953 1631 978 cum
1656 938 1730 977 suis
1748 948 1865 978 vocat

424 1005 707 1057 emancipatos,
735 1003 876 1057 quibus
890 1002 1069 1055 alioquin
1085 1001 1235 1041 nullum
1254 1002 1313 1054 jus
1330 1001 1425 1040 ess'et
1445 1013 1491 1039 ex
1511 1000 1661 1054 legibus
1682 999 1867 1039 civilibus

424 1067 675 1109 succedendi.

483 1144 543 1168 10.
576 1128 726 1168 Edieco
741 1127 856 1167 Unde
873 1125 1051 1178 Legitimi
1065 1125 1311 1164 vocabantur
1329 1124 1477 1177 Agnati
1493 1136 1644 1173 omnes,
1664 1125 1732 1177 qui
1751 1137 1798 1162 ex
1814 1123 1869 1162 le-

425 1193 544 1246 gibus
563 1202 733 1245 potuere
752 1192 828 1229 effe
849 1187 1038 1237 haeredes,
1058 1197 1237 1240 petentes
1257 1187 1356 1226 hanc
1370 1185 1567 1227 bonorum
1583 1186 1866 1240 posseffionem.

485 1269 545 1294 11.
577 1256 634 1293 Ex
664 1253 814 1293 Edicto
832 1251 951 1290 Unde
974 1251 1119 1305 Cognati
1143 1249 1411 1290 admittuntur
1437 1263 1510 1301 per
1529 1250 1733 1290 foeminini
1760 1249 1869 1289 sexus

426 1318 612 1372 personas
631 1316 831 1371 conjund‘ci
844 1344 855 1365 ‚
893 1313 1022 1369 gradu
1041 1314 1238 1368 proximi,
1277 1313 1426 1366 quippe
1444 1314 1585 1366 quibus
1604 1313 1699 1353 alifis
1718 1328 1763 1354 ex
1782 1314 1870 1367 jure

428 1381 541 1422 civili
559 1380 715 1421 nullum
740 1389 825 1419 erat
852 1380 912 1433 jus
936 1377 1184 1418 succedendi.
1241 1378 1294 1416 Et
1321 1375 1387 1416 hic
1410 1376 1521 1416 locus
1547 1386 1633 1417 erat
1661 1378 1869 1430 Succefforio

429 1443 570 1491 Edim,
600 1457 697 1495 quo,
728 1455 809 1481 uno
830 1441 1048 1481 liberorum
1071 1441 1175 1480 intra
1196 1451 1354 1492 tempus
1371 1439 1595 1492 legitimum
1614 1454 1695 1480 non
1708 1451 1871 1494 petente

428 1508 512 1561 ejus
529 1508 671 1561 portio
690 1504 942 1545 adcrescebat
962 1504 1127 1556 reliquis
1143 1524 1154 1554 3
1183 1502 1319 1542 liberis
1337 1508 1371 1543 ὃ(
1386 1503 1618 1542 Parentibus
1637 1517 1716 1543 non
1737 1514 1871 1555 peten-

429 1571 551 1618 tibus,
589 1568 905 1609 admittebantur
932 1567 1105 1619 proximi
1129 1566 1292 1621 Agnati‚
1326 1580 1414 1605 cum
1446 1565 1589 1605 eodem
1618 1565 1871 1608 adcrescendi

429 1633 516 1688 jure
533 1655 544 1684 ;
574 1632 633 1671 his
654 1646 735 1670 non
755 1629 982 1684 petentibus
999 1630 1146 1683 Agnati
1167 1629 1406 1669 remotiores
1423 1650 1434 1682 3
1463 1629 1524 1668 his
1542 1642 1626 1668 non
1644 1630 1872 1681 petentibus

431 1697 605 1750 Cognati
624 1702 659 1737 ὃ(
676 1694 726 1735 fic
744 1706 886 1747 porro.

489 1775 550 1801 η.
582 1759 869 1799 Deficientibus
898 1759 1076 1811 cognatis
1103 1747 1258 1797 Praetor
1285 1755 1432 1796 Edicto
1460 1756 1578 1796 Unde
1607 1756 1673 1795 Vir
1697 1761 1731 1796 &
1755 1757 1871 1798 Uxor

435 1824 602 1865 vocabat
623 1823 765 1865 Virum
783 1828 819 1863 ὅ(
833 1826 1032 1872 Uxorem,
1061 1822 1155 1862 dum
1171 1821 1313 1860 mortis
1334 1831 1516 1872 tempore
1546 1820 1587 1859 in
1612 1820 1714 1874 justo
1736 1821 1874 1861 matri-

435 1886 574 1925 monio
592 1885 788 1924 vixiffent.

495 1965 556 1998 13.
585 1949 760 2000 Tempus
793 1948 898 1987 intra
923 1947 1029 2000 quod
1058 1946 1197 1988 Liberi
1231 1952 1265 1987 δι
1288 1949 1473 1986 Parentes
1497 1956 1641 1999 petunt
1664 1946 1717 1985 est
1737 1948 1874 1986 Annus

436 2014 542 2054 utilis
559 2033 570 2064 3
601 2010 762 2065 reliquis
784 2021 942 2051 centum
962 2011 1046 2051 dies
1065 2010 1183 2050 utiles
1199 2010 1294 2050 dati.

440 2123 540 2158 multis
551 2121 652 2167 fignis,
679 2131 772 2165 quam
788 2118 880 2165 &lege
898 2129 1039 2165 oporteat,
1066 2120 1106 2153 ad
1119 2132 1164 2154 me
1176 2119 1376 2165 proferentur,
1393 2118 1556 2164 secundum
1570 2119 1686 2152 tabulas
1706 2118 1874 2165 testamenti

435 2171 613 2216 potissimum
629 2168 851 2201 Haereditatem
872 2169 956 2201 dabo.
1009 2167 1081 2201 Cic.
1098 2168 1131 2200 in
1146 2170 1298 2202 Verrem.
1320 2165 1434 2200 Lib.1.

489 2225 616 2257 Contra
635 2222 784 2268 tabulas]
825 2224 906 2256 Haec
925 2223 1049 2256 Graecis
1064 2221 1204 2253 ἐνυτίωως
1226 2222 1293 2258 aava*
1313 2219 1441 2261 aheim
1457 2219 1596 2254 dicitur.

490 2282 604 2311 Annus
624 2276 740 2323 utilis]
776 2277 894 2311 Solent
915 2277 988 2323 jura
1007 2276 1209 2319 distinguere
1227 2277 1315 2310 inter
1335 2288 1440 2310 annos
1465 2275 1516 2309 vel
1535 2273 1662 2309 menses
1681 2276 1824 2309 continuos
1839 2277 1872 2309 &

441 2327 540 2360 utiles.
593 2325 743 2371 Tempus
762 2327 930 2361 continuum
948 2323 1015 2359 fine
1041 2325 1289 2369 interruptione
1307 2324 1425 2365 currit,
1452 2321 1516 2357 sive
1533 2321 1605 2356 dies
1623 2321 1685 2356 smt
1698 2322 1782 2366 fasti,
1807 2319 1873 2353 five

1753 2366 1869 2412 nefasti.
