2059 2812
425 169 520 226 178
554 128 557 131 Δ
809 161 1073 211 Elem‘entd
1088 159 1270 225 ‘fJurisI
1288 160 1458 214 Civilis

417 259 541 302 ,fictaz
597 260 645 300 Id
671 257 782 311 quod
808 258 1042 298 naturaliter
1061 257 1437 309 iniquum-nonest,
1465 260 1704 315 'ubipignus
1731 262 1857 314 pluris

422 338 504 365 non
531 325 599 372 est,
635 336 752 377 quam
783 321 977 373 debitum,
1014 327 1051 363 ὃ(
1078 321 1195 361 usura
1227 321 1457 362 intermedii
1485 326 1690 378 temporis,
1721 337 1804 374 aut,
1832 326 1856 366 fi

397 386 400 387 ⁷
420 387 528 438 quod
556 385 728 434 excedit,
745 383 919 426 domino
940 384 1183 426 restitnatur.
1241 385 1319 425 Uti
1349 385 1483 424 autem
1505 387 1698 427 Creditor
1717 390 1858 443 pignus

421 450 621 490 solutione
639 448 745 490 faeta
774 448 894 489 debet
914 449 1140 490 restituere:
1171 448 1227 487 ita
1245 448 1397 487 interea
1419 460 1501 488 non
1527 450 1721 491 minorem
1741 465 1856 504 quam

418 513 596 565 propriis
613 514 730 553 rebus
750 512 811 552 illi
829 512 1050 552 custodiam
1075 511 1219 551 debet:
1262 516 1299 551 ὅ(
1325 512 1395 552 ubi
1420 512 1561 566 paHum
1583 515 1855 556 antichreticum

420 589 503 615 non
523 577 741 624 accesserit,
769 575 892 627 fitque
911 576 1000 614 talis
1020 588 1094 623 res,
1118 588 1206 626 quae
1219 574 1290 613 usu
1303 585 1512 624 atteratur,
1531 588 1598 616 aut
1617 577 1643 616 fi
1661 578 1856 618 debitoris

421 640 505 679 ullo
533 639 656 679 modo
674 638 857 687 interfit,
882 638 1014 678 invito
1045 638 1123 678 hoc
1155 637 1296 678 eadem
1324 639 1384 678 uti
1411 653 1492 679 non
1511 642 1652 692 potest.
1689 643 1858 683 Differt

418 700 634 754 Hypotheca
661 716 682 741 a
700 701 864 755 pignore,
892 699 1004 752 quod
1031 699 1110 739 hoc
1129 700 1397 741 constituatur
1416 703 1475 742 rei
1493 703 1717 743 traditione
1735 725 1746 756 ,⁸
1776 705 1858 745 haec

417 773 563 813 autem,
596 779 637 805 re
664 779 744 804 non
780 764 945 812 tradita,
984 765 1136 804 constat
1165 762 1271 802 nuda
1300 762 1553 818 affignatione
1586 766 1644 805 rei
1676 767 1857 821 inprimis

415 826 649 877 immobilis,
677 844 726 869 ex
743 842 833 881 qua,
861 827 1059 869 solutione
1078 840 1158 866 non
1174 826 1293 875 faeta,
1322 827 1501 869 creditor
1519 829 1588 868 suo
1609 829 1766 870 credito
1785 844 1857 883 po-

416 899 493 930 tiri*
505 903 638 943 queat.
1072 897 1080 902 ’

419 980 422 983 -
473 966 535 999 17.
566 953 626 993 Ex
639 953 718 993 hoc
737 953 943 993 contractu
957 951 1101 1005 duplex
1117 951 1236 990 datur
1255 953 1378 993 Actio
1393 953 1656 1006 Figunt-mitia,
1685 954 1856 995 Directa

413 1020 449 1056 ὅ(
463 1016 692 1058 Contraria.
752 1016 899 1056 Direna
914 1015 1054 1056 debito
1072 1015 1208 1055 soluto
1224 1016 1342 1056 datur
1356 1016 1549 1055 Debitori
1569 1017 1754 1057 adversus
1773 1031 1858 1058 cre-

412 1077 606 1130 ditorem,
634 1079 765 1133 ejusve
785 1079 960 1120 haeredes
977 1078 1027 1118 ad
1047 1091 1130 1118 rem
1149 1078 1454 1132 oppignoratam
1483 1093 1572 1119 cum
1601 1080 1714 1120 omni
1743 1080 1855 1121 causa

412 1140 712 1190 restituendam,
738 1141 1061 1193 resarciendaque
1080 1140 1220 1180 damna
1233 1140 1351 1193 culpa
1368 1137 1489 1180 etiam
1507 1141 1587 1182 levi
1606 1142 1712 1195 data..
1772 1143 1855 1181 Con-

411 1205 536 1244 traria
553 1214 695 1244 contra
713 1203 924 1244 Creditori
951 1203 1145 1255 competit
1164 1200 1347 1242 adversus
1367 1203 1591 1244 debitorem
1623 1205 1756 1258 ejusve
1776 1204 1855 1246 hae-

411 1266 524 1306 'redes
550 1264 600 1306 ad
625 1264 942 1315 indemnitatem,
971 1266 1094 1306 veluti
1111 1262 1137 1304 'fi
1157 1265 1338 1306 creditor
1358 1262 1547 1319 impensas
1568 1268 1609 1307 in
1636 1268 1776 1321 pignus
1795 1266 1853 1307 fe-

413 1329 514 1370 cerit
530 1346 541 1381 3
572 1328 600 1370 fi
618 1329 804 1371 damnum
819 1330 912 1370 inde
929 1330 1056 1383 paffus
1070 1327 1130 1376 fit,
1159 1328 1185 1368 fi
1204 1341 1265 1368 res
1285 1329 1410 1370 aliena
1430 1327 1499 1381 ipsi
1519 1330 1696 1384 obligata
1711 1330 1849 1370 fuerit.

935 1442 979 1489 T
1017 1455 1040 1489 1
1077 1456 1123 1489 T.
1192 1440 1333 1489 XVI.

715 1538 792 1587 De
829 1539 1106 1588 Verborum
1142 1535 1541 1601 Obligationibm.

468 1651 502 1676 i.
533 1639 595 1678 Ut
616 1634 821 1680 Contrai't'us
841 1636 958 1676 reales
988 1649 1071 1675 non
1100 1634 1189 1675 solo
1217 1635 1421 1683 consensu,
1450 1635 1516 1675 sed
1546 1634 1757 1675 accedente
1785 1638 1846 1678 rei

408 1693 585 1747 datione,
612 1698 676 1738 vel
693 1696 913 1737 traditione
931 1697 1184 1737 substantiam
1202 1696 1385 1749 capiunt:
1418 1698 1474 1736 ita
1487 1695 1671 1736 verborum
1692 1697 1845 1751 obliga-

407 1762 537 1801 tiones
557 1774 637 1800 non
652 1757 859 1808 consensu,
887 1757 955 1799 sed
971 1759 1190 1799 verborum
1204 1757 1455 1798 solemnitate
1474 1758 1749 1812 perficiuntur.

461 1838 501 1863 2.
531 1821 771 1876 Hujusmodi
786 1822 1010 1862 contradus
1029 1821 1127 1861 olim
1147 1831 1259 1862 erant
1281 1832 1375 1870 tres,
1404 1820 1576 1861 solennis
1595 1820 1692 1861 dotis
1711 1820 1845 1869 milio,

406 1885 675 1938 *Promg‘ffio
690 1894 871 1939 operarum
889 1897 910 1922 a
925 1883 1097 1926 Liberto
1116 1881 1222 1925 facta
1239 1889 1372 1934 3-——&
1388 1883 1590 1937 Stipulatio
1605 1903 1616 1934 3
1648 1897 1734 1936 quae
1755 1898 1843 1924 cum

452 1991 580 2028 Differt
592 1993 798 2040 Hypotheca
812 2005 831 2028 a
845 1991 1000 2040 pignore]
1024 1993 1121 2027 Hanc
1134 1992 1249 2037 lingua
1262 1990 1435 2027 vernaculi}
1450 1990 1594 2025 dicimus
1613 2004 1632 2024 a
1645 1989 1839 2036 Mortgage5

403 2038 491 2074 illud
505 2052 597 2082 vero,
624 2054 643 2075 a
660 2042 773 2075 Pawn.

451 2088 551 2121 Dotis
568 2086 697 2132 die‘cio]
734 2090 815 2128 Dos,
841 2086 896 2132 (ut
913 2084 1008 2132 supr)
1027 2084 1237 2121 observatum
1257 2084 1316 2129 est)
1340 2085 1391 2119 vel
1419 2096 1597 2126 mim-svn,
1624 2081 1646 2116 fi
1668 2082 1839 2127 obsignata

401 2133 492 2180 apud
506 2132 651 2181 auspices
668 2132 1055 2180 deponebatur5—-vel
1082 2145 1403 2175 PROMITTEBATVR,
1429 2129 1664 2178 respondendo
1682 2130 1723 2164 ad
1738 2131 1838 2177 stipu-

401 2181 732 2215 lationem.--Vel
757 2192 964 2216 nicenum
987 2179 1096 2213 verbis
1113 2179 1316 2221 solennibus,
1342 2178 1395 2213 sed
1423 2191 1440 2212 a
1458 2177 1668 2225 stipulatione
1689 2176 1836 2220 divertis,

405 2227 515 2273 qualia
531 2226 673 2264 Fortassis
686 2228 746 2263 illa
758 2226 847 2275 apud
861 2228 984 2262 Terent.
997 2226 1099 2261 Andr.
1117 2228 1187 2260 Ast.
1209 2239 1237 2272 5.
1258 2228 1354 2261 Scen.
1373 2238 1405 2271 4.
1427 2238 1456 2259 v.
1475 2237 1531 2270 47.

1209 2275 1286 2315 Dor,
1314 2274 1481 2317 Pamphile,
1506 2272 1543 2317 est

1300 2320 1436 2366 Accipio.

737 2321 867 2357 Talenm
893 2321 1069 2368 quindecim.
1123 2334 1175 2355 m.

1748 2373 1829 2412 sola

2051 2333 2059 2532 -ᾳ--μᾼᾼᾼᾼ
2058 2315 2059 2325 ᾼ
