<?xml version="1.0" encoding="UTF-8"?>
<!DOCTYPE html PUBLIC "-//W3C//DTD XHTML 1.0 Transitional//EN"
    "http://www.w3.org/TR/xhtml1/DTD/xhtml1-transitional.dtd">
<html xmlns="http://www.w3.org/1999/xhtml" xml:lang="en" lang="en">
 <head>
  <title>
</title>
<meta http-equiv="Content-Type" content="text/html;charset=utf-8" />
  <meta name='ocr-system' content='tesseract 3.04.00' />
  <meta name='ocr-capabilities' content='ocr_page ocr_carea ocr_par ocr_line ocrx_word'/>
</head>
<body>
  <div class='ocr_page' id='page_1' title='image "./jurisprudentiaph00eden_0087.png"; bbox 0 0 2059 2812; ppageno 0'>
   <div class='ocr_carea' id='block_1_1' title="bbox 629 98 1609 190">
    <p class='ocr_par' dir='ltr' id='par_1_1' title="bbox 629 98 1609 190">
     <span class='ocr_line' id='line_1_1' title="bbox 629 98 1609 190; baseline 0.002 -2"><span class='ocrx_word' id='word_1_1' title='bbox 629 137 737 189; x_wconf 73' lang='lat' dir='ltr'><em>Lib.</em></span> <span class='ocrx_word' id='word_1_2' title='bbox 769 137 807 188; x_wconf 86' lang='lat' dir='ltr'>J.</span> <span class='ocrx_word' id='word_1_3' title='bbox 883 136 980 189; x_wconf 84' lang='lat' dir='ltr'>Tit.</span> <span class='ocrx_word' id='word_1_4' title='bbox 1006 135 1146 188; x_wconf 78' lang='lat' dir='ltr'><em>XXI.</em></span> <span class='ocrx_word' id='word_1_5' title='bbox 1506 98 1509 99; x_wconf 11' lang='lat' dir='ltr'><strong><em>f</em></strong></span> <span class='ocrx_word' id='word_1_6' title='bbox 1545 140 1609 190; x_wconf 89' lang='lat'>61</span> 
     </span>
    </p>
   </div>
   <div class='ocr_carea' id='block_1_2' title="bbox 180 233 1618 604">
    <p class='ocr_par' dir='ltr' id='par_1_2' title="bbox 180 233 1618 604">
     <span class='ocr_line' id='line_1_2' title="bbox 181 233 1612 292; baseline -0.002 -13"><span class='ocrx_word' id='word_1_7' title='bbox 181 254 256 292; x_wconf 80' lang='lat' dir='ltr'>que</span> <span class='ocrx_word' id='word_1_8' title='bbox 281 238 554 279; x_wconf 84' lang='lat' dir='ltr'>conditionem</span> <span class='ocrx_word' id='word_1_9' title='bbox 574 235 679 276; x_wconf 73' lang='lat' dir='ltr'>suam</span> <span class='ocrx_word' id='word_1_10' title='bbox 700 237 826 289; x_wconf 81' lang='lat' dir='ltr'>potest</span> <span class='ocrx_word' id='word_1_11' title='bbox 846 235 976 276; x_wconf 78' lang='lat' dir='ltr'>facere</span> <span class='ocrx_word' id='word_1_12' title='bbox 996 236 1220 282; x_wconf 82' lang='lat' dir='ltr'>meliorem,</span> <span class='ocrx_word' id='word_1_13' title='bbox 1246 247 1329 274; x_wconf 89' lang='lat' dir='ltr'>non</span> <span class='ocrx_word' id='word_1_14' title='bbox 1356 233 1612 276; x_wconf 79' lang='lat' dir='ltr'>deteriorem.</span> 
     </span>
     <span class='ocr_line' id='line_1_3' title="bbox 182 296 1615 353; baseline -0.005 -10"><span class='ocrx_word' id='word_1_15' title='bbox 182 307 462 353; x_wconf 67' lang='lat' dir='ltr'>Praeterquam,</span> <span class='ocrx_word' id='word_1_16' title='bbox 490 299 597 352; x_wconf 89' lang='lat' dir='ltr'>quod</span> <span class='ocrx_word' id='word_1_17' title='bbox 630 315 679 339; x_wconf 87' lang='lat' dir='ltr'>ne</span> <span class='ocrx_word' id='word_1_18' title='bbox 705 300 898 340; x_wconf 67' lang='lat' dir='ltr'>lucrosam</span> <span class='ocrx_word' id='word_1_19' title='bbox 930 298 1091 351; x_wconf 87' lang='lat' dir='ltr'>quidem</span> <span class='ocrx_word' id='word_1_20' title='bbox 1111 297 1386 339; x_wconf 78' lang='lat' dir='ltr'>haereditatem</span> <span class='ocrx_word' id='word_1_21' title='bbox 1403 296 1458 337; x_wconf 89' lang='lat' dir='ltr'>ob</span> <span class='ocrx_word' id='word_1_22' title='bbox 1488 296 1615 337; x_wconf 88' lang='lat' dir='ltr'>solum</span> 
     </span>
     <span class='ocr_line' id='line_1_4' title="bbox 182 357 1616 414; baseline -0.003 -11"><span class='ocrx_word' id='word_1_23' title='bbox 182 373 333 404; x_wconf 84' lang='lat' dir='ltr'>metum</span> <span class='ocrx_word' id='word_1_24' title='bbox 353 362 487 402; x_wconf 87' lang='lat' dir='ltr'>damni</span> <span class='ocrx_word' id='word_1_25' title='bbox 510 363 716 414; x_wconf 82' lang='lat' dir='ltr'>acquirere</span> <span class='ocrx_word' id='word_1_26' title='bbox 729 360 843 414; x_wconf 86' lang='lat' dir='ltr'>poffit</span> <span class='ocrx_word' id='word_1_27' title='bbox 858 380 870 411; x_wconf 87' lang='lat'>;</span> <span class='ocrx_word' id='word_1_28' title='bbox 899 373 949 398; x_wconf 91' lang='lat' dir='ltr'>ne</span> <span class='ocrx_word' id='word_1_29' title='bbox 965 359 1088 407; x_wconf 83' lang='lat' dir='ltr'>lateat</span> <span class='ocrx_word' id='word_1_30' title='bbox 1101 372 1153 399; x_wconf 83' lang='lat' dir='ltr'>aes</span> <span class='ocrx_word' id='word_1_31' title='bbox 1169 359 1351 407; x_wconf 88' lang='lat' dir='ltr'>alienum,</span> <span class='ocrx_word' id='word_1_32' title='bbox 1371 365 1406 401; x_wconf 69' lang='grc' dir='ltr'>ἃ</span> <span class='ocrx_word' id='word_1_33' title='bbox 1425 372 1474 398; x_wconf 88' lang='lat' dir='ltr'>ne</span> <span class='ocrx_word' id='word_1_34' title='bbox 1487 357 1616 412; x_wconf 86' lang='lat' dir='ltr'>specie</span> 
     </span>
     <span class='ocr_line' id='line_1_5' title="bbox 181 420 1618 479; baseline -0.003 -12"><span class='ocrx_word' id='word_1_35' title='bbox 181 427 410 479; x_wconf 83' lang='lat' dir='ltr'>apparentis</span> <span class='ocrx_word' id='word_1_36' title='bbox 430 425 533 466; x_wconf 89' lang='lat' dir='ltr'>lucri</span> <span class='ocrx_word' id='word_1_37' title='bbox 549 426 665 466; x_wconf 83' lang='lat' dir='ltr'>facile</span> <span class='ocrx_word' id='word_1_38' title='bbox 684 425 724 464; x_wconf 91' lang='lat' dir='ltr'>in</span> <span class='ocrx_word' id='word_1_39' title='bbox 740 423 924 463; x_wconf 89' lang='lat' dir='ltr'>damnum</span> <span class='ocrx_word' id='word_1_40' title='bbox 950 422 1113 462; x_wconf 85' lang='lat' dir='ltr'>incidat.</span> <span class='ocrx_word' id='word_1_41' title='bbox 1170 425 1274 464; x_wconf 83' lang='lat' dir='ltr'>Nam</span> <span class='ocrx_word' id='word_1_42' title='bbox 1290 422 1415 461; x_wconf 81' lang='lat' dir='ltr'>haeres</span> <span class='ocrx_word' id='word_1_43' title='bbox 1434 420 1618 462; x_wconf 80' lang='lat' dir='ltr'>adeundo</span> 
     </span>
     <span class='ocr_line' id='line_1_6' title="bbox 182 484 1618 538; baseline -0.007 -11"><span class='ocrx_word' id='word_1_44' title='bbox 182 487 456 528; x_wconf 73' lang='lat' dir='ltr'>haereditatem</span> <span class='ocrx_word' id='word_1_45' title='bbox 474 489 604 528; x_wconf 84' lang='lat' dir='ltr'>statim</span> <span class='ocrx_word' id='word_1_46' title='bbox 621 488 666 527; x_wconf 85' lang='lat' dir='ltr'>fit</span> <span class='ocrx_word' id='word_1_47' title='bbox 695 486 893 525; x_wconf 81' lang='lat' dir='ltr'>obnoxius</span> <span class='ocrx_word' id='word_1_48' title='bbox 923 484 1139 538; x_wconf 83' lang='lat' dir='ltr'>legatariis,</span> <span class='ocrx_word' id='word_1_49' title='bbox 1167 484 1509 538; x_wconf 72' lang='lat' dir='ltr'>creditoribuique</span> <span class='ocrx_word' id='word_1_50' title='bbox 1535 486 1618 525; x_wconf 74' lang='lat' dir='ltr'>De..</span> 
     </span>
     <span class='ocr_line' id='line_1_7' title="bbox 180 547 891 604; baseline 0 -18"><span class='ocrx_word' id='word_1_51' title='bbox 180 547 307 589; x_wconf 63' lang='lat' dir='ltr'>funtffi</span> <span class='ocrx_word' id='word_1_52' title='bbox 329 564 375 590; x_wconf 85' lang='lat' dir='ltr'>ex</span> <span class='ocrx_word' id='word_1_53' title='bbox 395 550 567 602; x_wconf 78' lang='lat' dir='ltr'>quodam</span> <span class='ocrx_word' id='word_1_54' title='bbox 588 549 686 604; x_wconf 72' lang='lat' dir='ltr'>quast</span> <span class='ocrx_word' id='word_1_55' title='bbox 700 547 891 587; x_wconf 60' lang='lat' dir='ltr'>contram.</span> 
     </span>
    </p>
   </div>
   <div class='ocr_carea' id='block_1_3' title="bbox 480 643 1318 808">
    <p class='ocr_par' dir='ltr' id='par_1_3' title="bbox 480 643 1318 808">
     <span class='ocr_line' id='line_1_8' title="bbox 674 643 1106 694; baseline -0.007 0"><span class='ocrx_word' id='word_1_56' title='bbox 674 647 717 694; x_wconf 90' lang='lat' dir='ltr'><strong>T</strong></span> <span class='ocrx_word' id='word_1_57' title='bbox 757 659 775 693; x_wconf 93' lang='lat'><em>1</em></span> <span class='ocrx_word' id='word_1_58' title='bbox 813 661 863 692; x_wconf 88' lang='lat' dir='ltr'>T.</span> <span class='ocrx_word' id='word_1_59' title='bbox 935 643 1106 693; x_wconf 88' lang='lat' dir='ltr'>XXII.</span> 
     </span>
     <span class='ocr_line' id='line_1_9' title="bbox 480 739 1318 808; baseline -0.006 -13"><span class='ocrx_word' id='word_1_60' title='bbox 480 742 671 808; x_wconf 75' lang='lat' dir='ltr'>Qibm</span> <span class='ocrx_word' id='word_1_61' title='bbox 699 741 867 793; x_wconf 71' lang='lat' dir='ltr'>Modbs</span> <span class='ocrx_word' id='word_1_62' title='bbox 899 742 1075 795; x_wconf 80' lang='lat' dir='ltr'><em>Tutela</em></span> <span class='ocrx_word' id='word_1_63' title='bbox 1107 739 1318 792; x_wconf 81' lang='lat' dir='ltr'>Finitur.</span> 
     </span>
    </p>
   </div>
   <div class='ocr_carea' id='block_1_4' title="bbox 182 835 1622 1660">
    <p class='ocr_par' dir='ltr' id='par_1_4' title="bbox 186 835 1618 959">
     <span class='ocr_line' id='line_1_10' title="bbox 242 835 1618 892; baseline -0.004 -12"><span class='ocrx_word' id='word_1_64' title='bbox 242 857 277 882; x_wconf 89' lang='lat'>1.</span> <span class='ocrx_word' id='word_1_65' title='bbox 307 841 450 882; x_wconf 80' lang='lat' dir='ltr'>Tutela</span> <span class='ocrx_word' id='word_1_66' title='bbox 479 841 634 890; x_wconf 86' lang='lat' dir='ltr'>finitur,</span> <span class='ocrx_word' id='word_1_67' title='bbox 663 840 728 880; x_wconf 88' lang='lat' dir='ltr'>vel</span> <span class='ocrx_word' id='word_1_68' title='bbox 749 840 845 891; x_wconf 58' lang='lat' dir='ltr'>sablo</span> <span class='ocrx_word' id='word_1_69' title='bbox 874 840 1043 889; x_wconf 84' lang='lat' dir='ltr'>hominis,</span> <span class='ocrx_word' id='word_1_70' title='bbox 1081 851 1154 891; x_wconf 89' lang='lat' dir='ltr'>per</span> <span class='ocrx_word' id='word_1_71' title='bbox 1181 837 1441 892; x_wconf 81' lang='lat' dir='ltr'>excusationem</span> <span class='ocrx_word' id='word_1_72' title='bbox 1467 835 1618 877; x_wconf 75' lang='lat' dir='ltr'>Tutoris</span> 
     </span>
     <span class='ocr_line' id='line_1_11' title="bbox 186 903 1067 959; baseline -0.003 -16"><span class='ocrx_word' id='word_1_73' title='bbox 186 904 246 944; x_wconf 79' lang='lat' dir='ltr'>Vel</span> <span class='ocrx_word' id='word_1_74' title='bbox 267 917 339 958; x_wconf 85' lang='lat' dir='ltr'>per</span> <span class='ocrx_word' id='word_1_75' title='bbox 358 905 584 944; x_wconf 76' lang='lat' dir='ltr'><em>remotionem</em></span> <span class='ocrx_word' id='word_1_76' title='bbox 599 903 773 958; x_wconf 60' lang='lat' dir='ltr'>snspeffli;</span> <span class='ocrx_word' id='word_1_77' title='bbox 805 905 869 944; x_wconf 89' lang='lat' dir='ltr'>vel</span> <span class='ocrx_word' id='word_1_78' title='bbox 885 905 960 958; x_wconf 83' lang='lat' dir='ltr'>ipso</span> <span class='ocrx_word' id='word_1_79' title='bbox 969 905 1067 959; x_wconf 83' lang='lat' dir='ltr'>jure.</span> 
     </span>
    </p>

    <p class='ocr_par' dir='ltr' id='par_1_5' title="bbox 182 962 1621 1466">
     <span class='ocr_line' id='line_1_12' title="bbox 238 962 1617 1018; baseline -0.001 -13"><span class='ocrx_word' id='word_1_80' title='bbox 238 982 275 1007; x_wconf 92' lang='lat'>2.</span> <span class='ocrx_word' id='word_1_81' title='bbox 305 969 370 1008; x_wconf 89' lang='lat' dir='ltr'>De</span> <span class='ocrx_word' id='word_1_82' title='bbox 386 968 637 1008; x_wconf 79' lang='lat' dir='ltr'>excusatione</span> <span class='ocrx_word' id='word_1_83' title='bbox 655 968 836 1016; x_wconf 84' lang='lat' dir='ltr'>Tutoris,</span> <span class='ocrx_word' id='word_1_84' title='bbox 864 974 898 1009; x_wconf 70' lang='grc' dir='ltr'>ὅ(</span> <span class='ocrx_word' id='word_1_85' title='bbox 913 967 1140 1008; x_wconf 82' lang='lat' dir='ltr'>remotione</span> <span class='ocrx_word' id='word_1_86' title='bbox 1160 964 1330 1018; x_wconf 66' lang='lat' dir='ltr'>suspecffi</span> <span class='ocrx_word' id='word_1_87' title='bbox 1349 962 1456 1004; x_wconf 82' lang='lat' dir='ltr'>infra</span> <span class='ocrx_word' id='word_1_88' title='bbox 1474 965 1617 1004; x_wconf 65' lang='lat' dir='ltr'>tracCta-</span> 
     </span>
     <span class='ocr_line' id='line_1_13' title="bbox 184 1027 1619 1086; baseline -0.001 -16"><span class='ocrx_word' id='word_1_89' title='bbox 184 1031 307 1074; x_wconf 85' lang='lat' dir='ltr'>bitur.</span> <span class='ocrx_word' id='word_1_90' title='bbox 347 1032 569 1074; x_wconf 88' lang='lat' dir='ltr'>Modorum</span> <span class='ocrx_word' id='word_1_91' title='bbox 594 1032 735 1085; x_wconf 85' lang='lat' dir='ltr'>quibus</span> <span class='ocrx_word' id='word_1_92' title='bbox 752 1032 897 1072; x_wconf 85' lang='lat' dir='ltr'>Tutela</span> <span class='ocrx_word' id='word_1_93' title='bbox 921 1032 1007 1086; x_wconf 86' lang='lat' dir='ltr'>ipso</span> <span class='ocrx_word' id='word_1_94' title='bbox 1031 1031 1118 1085; x_wconf 85' lang='lat' dir='ltr'>jure</span> <span class='ocrx_word' id='word_1_95' title='bbox 1142 1029 1296 1077; x_wconf 85' lang='lat' dir='ltr'>finitur,</span> <span class='ocrx_word' id='word_1_96' title='bbox 1326 1027 1396 1068; x_wconf 87' lang='lat' dir='ltr'>alii</span> <span class='ocrx_word' id='word_1_97' title='bbox 1415 1029 1619 1082; x_wconf 87' lang='lat' dir='ltr'>pertinent</span> 
     </span>
     <span class='ocr_line' id='line_1_14' title="bbox 182 1091 1621 1143; baseline -0.001 -10"><span class='ocrx_word' id='word_1_98' title='bbox 182 1095 233 1134; x_wconf 87' lang='lat' dir='ltr'>ad</span> <span class='ocrx_word' id='word_1_99' title='bbox 253 1109 385 1136; x_wconf 83' lang='lat' dir='ltr'>omnes</span> <span class='ocrx_word' id='word_1_100' title='bbox 403 1096 580 1143; x_wconf 83' lang='lat' dir='ltr'>Tutelas,</span> <span class='ocrx_word' id='word_1_101' title='bbox 610 1105 654 1134; x_wconf 89' lang='lat' dir='ltr'>ut</span> <span class='ocrx_word' id='word_1_102' title='bbox 673 1109 779 1136; x_wconf 89' lang='lat' dir='ltr'>mors</span> <span class='ocrx_word' id='word_1_103' title='bbox 798 1095 985 1135; x_wconf 83' lang='lat' dir='ltr'>naturalis</span> <span class='ocrx_word' id='word_1_104' title='bbox 1004 1100 1039 1136; x_wconf 73' lang='grc' dir='ltr'>ὅ(</span> <span class='ocrx_word' id='word_1_105' title='bbox 1056 1093 1216 1141; x_wconf 80' lang='lat' dir='ltr'>Civilis,</span> <span class='ocrx_word' id='word_1_106' title='bbox 1244 1091 1320 1131; x_wconf 87' lang='lat' dir='ltr'>five</span> <span class='ocrx_word' id='word_1_107' title='bbox 1337 1092 1517 1141; x_wconf 83' lang='lat' dir='ltr'>Tutoris,</span> <span class='ocrx_word' id='word_1_108' title='bbox 1545 1091 1621 1133; x_wconf 84' lang='lat' dir='ltr'>five</span> 
     </span>
     <span class='ocr_line' id='line_1_15' title="bbox 184 1155 1620 1210; baseline -0.003 -12"><span class='ocrx_word' id='word_1_109' title='bbox 184 1159 347 1210; x_wconf 87' lang='lat' dir='ltr'>Pupilli,</span> <span class='ocrx_word' id='word_1_110' title='bbox 375 1172 446 1198; x_wconf 87' lang='lat' dir='ltr'>nec</span> <span class='ocrx_word' id='word_1_111' title='bbox 467 1171 547 1198; x_wconf 90' lang='lat' dir='ltr'>non</span> <span class='ocrx_word' id='word_1_112' title='bbox 570 1159 755 1209; x_wconf 86' lang='lat' dir='ltr'>pubertas</span> <span class='ocrx_word' id='word_1_113' title='bbox 774 1179 786 1208; x_wconf 83' lang='lat'>;</span> <span class='ocrx_word' id='word_1_114' title='bbox 830 1159 898 1196; x_wconf 88' lang='lat' dir='ltr'>alii</span> <span class='ocrx_word' id='word_1_115' title='bbox 925 1168 1077 1197; x_wconf 87' lang='lat' dir='ltr'>tantum</span> <span class='ocrx_word' id='word_1_116' title='bbox 1095 1157 1142 1196; x_wconf 88' lang='lat' dir='ltr'>ad</span> <span class='ocrx_word' id='word_1_117' title='bbox 1164 1167 1289 1197; x_wconf 84' lang='lat' dir='ltr'>certas</span> <span class='ocrx_word' id='word_1_118' title='bbox 1313 1156 1459 1208; x_wconf 88' lang='lat' dir='ltr'>species</span> <span class='ocrx_word' id='word_1_119' title='bbox 1476 1155 1620 1195; x_wconf 90' lang='lat' dir='ltr'>tutela-</span> 
     </span>
     <span class='ocr_line' id='line_1_16' title="bbox 186 1212 1621 1268; baseline -0.001 -8"><span class='ocrx_word' id='word_1_120' title='bbox 186 1235 286 1262; x_wconf 86' lang='lat' dir='ltr'>rum.</span> <span class='ocrx_word' id='word_1_121' title='bbox 332 1222 392 1262; x_wconf 82' lang='lat' dir='ltr'>Sic</span> <span class='ocrx_word' id='word_1_122' title='bbox 410 1222 699 1261; x_wconf 80' lang='lat' dir='ltr'>testamentaria</span> <span class='ocrx_word' id='word_1_123' title='bbox 713 1222 851 1262; x_wconf 80' lang='lat' dir='ltr'>finitur</span> <span class='ocrx_word' id='word_1_124' title='bbox 869 1222 1056 1260; x_wconf 88' lang='lat' dir='ltr'>existente</span> <span class='ocrx_word' id='word_1_125' title='bbox 1073 1219 1153 1268; x_wconf 87' lang='lat' dir='ltr'>die,</span> <span class='ocrx_word' id='word_1_126' title='bbox 1170 1212 1487 1258; x_wconf 64' lang='lat' dir='ltr'>vel&#39;conditione</span> <span class='ocrx_word' id='word_1_127' title='bbox 1507 1219 1621 1258; x_wconf 88' lang='lat' dir='ltr'>testa-</span> 
     </span>
     <span class='ocr_line' id='line_1_17' title="bbox 186 1280 1621 1338; baseline -0.004 -12"><span class='ocrx_word' id='word_1_128' title='bbox 186 1295 325 1326; x_wconf 84' lang='lat' dir='ltr'>mento</span> <span class='ocrx_word' id='word_1_129' title='bbox 341 1283 508 1338; x_wconf 60' lang='lat' dir='ltr'>adjedffi.</span> <span class='ocrx_word' id='word_1_130' title='bbox 566 1285 767 1338; x_wconf 81' lang='lat' dir='ltr'>Legitima</span> <span class='ocrx_word' id='word_1_131' title='bbox 785 1293 1020 1336; x_wconf 84' lang='lat' dir='ltr'>agnatorum</span> <span class='ocrx_word' id='word_1_132' title='bbox 1039 1283 1136 1321; x_wconf 89' lang='lat' dir='ltr'>olim</span> <span class='ocrx_word' id='word_1_133' title='bbox 1156 1280 1320 1322; x_wconf 59' lang='lat' dir='ltr'>minima</span> <span class='ocrx_word' id='word_1_134' title='bbox 1344 1281 1483 1334; x_wconf 87' lang='lat' dir='ltr'>capitis</span> <span class='ocrx_word' id='word_1_135' title='bbox 1503 1282 1621 1321; x_wconf 82' lang='lat' dir='ltr'>dimi-</span> 
     </span>
     <span class='ocr_line' id='line_1_18' title="bbox 186 1343 1620 1400; baseline -0.001 -14"><span class='ocrx_word' id='word_1_136' title='bbox 186 1349 366 1396; x_wconf 87' lang='lat' dir='ltr'>nutione,</span> <span class='ocrx_word' id='word_1_137' title='bbox 393 1361 440 1386; x_wconf 87' lang='lat' dir='ltr'>ex</span> <span class='ocrx_word' id='word_1_138' title='bbox 472 1362 522 1387; x_wconf 90' lang='lat' dir='ltr'>eo</span> <span class='ocrx_word' id='word_1_139' title='bbox 548 1347 660 1400; x_wconf 90' lang='lat' dir='ltr'>quod</span> <span class='ocrx_word' id='word_1_140' title='bbox 679 1349 822 1389; x_wconf 76' lang='lat' dir='ltr'>cessare</span> <span class='ocrx_word' id='word_1_141' title='bbox 850 1344 998 1386; x_wconf 79' lang='lat' dir='ltr'>faceret</span> <span class='ocrx_word' id='word_1_142' title='bbox 1017 1345 1074 1398; x_wconf 82' lang='lat' dir='ltr'>jus</span> <span class='ocrx_word' id='word_1_143' title='bbox 1095 1343 1334 1396; x_wconf 78' lang='lat' dir='ltr'>agnationis,</span> <span class='ocrx_word' id='word_1_144' title='bbox 1362 1343 1471 1395; x_wconf 88' lang='lat' dir='ltr'>quod</span> <span class='ocrx_word' id='word_1_145' title='bbox 1489 1345 1620 1385; x_wconf 83' lang='lat' dir='ltr'>conse-</span> 
     </span>
     <span class='ocr_line' id='line_1_19' title="bbox 184 1411 611 1466; baseline 0 -14"><span class='ocrx_word' id='word_1_146' title='bbox 184 1412 441 1466; x_wconf 64' lang='lat' dir='ltr'>quitur&#39;onus</span> <span class='ocrx_word' id='word_1_147' title='bbox 462 1411 611 1452; x_wconf 85' lang='lat' dir='ltr'>tutelae.</span> 
     </span>
    </p>

    <p class='ocr_par' dir='ltr' id='par_1_6' title="bbox 184 1469 1622 1660">
     <span class='ocr_line' id='line_1_20' title="bbox 246 1469 1620 1528; baseline -0.005 -11"><span class='ocrx_word' id='word_1_148' title='bbox 246 1494 279 1526; x_wconf 83' lang='lat'>3.</span> <span class='ocrx_word' id='word_1_149' title='bbox 310 1476 497 1528; x_wconf 86' lang='lat' dir='ltr'>Denique</span> <span class='ocrx_word' id='word_1_150' title='bbox 523 1476 593 1514; x_wconf 87' lang='lat' dir='ltr'>alii</span> <span class='ocrx_word' id='word_1_151' title='bbox 622 1489 669 1515; x_wconf 83' lang='lat' dir='ltr'>ex</span> <span class='ocrx_word' id='word_1_152' title='bbox 689 1475 749 1516; x_wconf 80' lang='lat' dir='ltr'>his</span> <span class='ocrx_word' id='word_1_153' title='bbox 768 1476 897 1516; x_wconf 86' lang='lat' dir='ltr'>modis</span> <span class='ocrx_word' id='word_1_154' title='bbox 916 1473 1084 1513; x_wconf 82' lang='lat' dir='ltr'>tutelam</span> <span class='ocrx_word' id='word_1_155' title='bbox 1105 1469 1341 1512; x_wconf 81' lang='lat' dir='ltr'>omnimodo</span> <span class='ocrx_word' id='word_1_156' title='bbox 1366 1470 1534 1509; x_wconf 86' lang='lat' dir='ltr'>finiunt:</span> <span class='ocrx_word' id='word_1_157' title='bbox 1576 1480 1620 1510; x_wconf 86' lang='lat' dir='ltr'>ut</span> 
     </span>
     <span class='ocr_line' id='line_1_21' title="bbox 186 1534 1622 1592; baseline -0.005 -13"><span class='ocrx_word' id='word_1_158' title='bbox 186 1554 292 1580; x_wconf 85' lang='lat' dir='ltr'>mors</span> <span class='ocrx_word' id='word_1_159' title='bbox 307 1540 471 1592; x_wconf 85' lang='lat' dir='ltr'>Pupilli,</span> <span class='ocrx_word' id='word_1_160' title='bbox 500 1546 534 1581; x_wconf 69' lang='grc' dir='ltr'>ὅ(</span> <span class='ocrx_word' id='word_1_161' title='bbox 549 1540 736 1581; x_wconf 84' lang='lat' dir='ltr'>Pubertas</span> <span class='ocrx_word' id='word_1_162' title='bbox 753 1559 762 1579; x_wconf 75' lang='lat'>2</span> <span class='ocrx_word' id='word_1_163' title='bbox 793 1540 861 1579; x_wconf 86' lang='lat' dir='ltr'>alii</span> <span class='ocrx_word' id='word_1_164' title='bbox 881 1549 1036 1578; x_wconf 87' lang='lat' dir='ltr'>tantum</span> <span class='ocrx_word' id='word_1_165' title='bbox 1061 1538 1099 1576; x_wconf 85' lang='lat' dir='ltr'>in</span> <span class='ocrx_word' id='word_1_166' title='bbox 1121 1534 1288 1589; x_wconf 84' lang='lat' dir='ltr'>persona</span> <span class='ocrx_word' id='word_1_167' title='bbox 1306 1534 1468 1581; x_wconf 79' lang='lat' dir='ltr'>tutoris,</span> <span class='ocrx_word' id='word_1_168' title='bbox 1495 1534 1535 1572; x_wconf 85' lang='lat' dir='ltr'>in</span> <span class='ocrx_word' id='word_1_169' title='bbox 1555 1547 1622 1573; x_wconf 91' lang='lat' dir='ltr'>cu-</span> 
     </span>
     <span class='ocr_line' id='line_1_22' title="bbox 184 1598 1622 1660; baseline -0.006 -16"><span class='ocrx_word' id='word_1_170' title='bbox 184 1607 245 1660; x_wconf 84' lang='lat' dir='ltr'>jus</span> <span class='ocrx_word' id='word_1_171' title='bbox 277 1606 411 1644; x_wconf 87' lang='lat' dir='ltr'>locum</span> <span class='ocrx_word' id='word_1_172' title='bbox 443 1604 542 1644; x_wconf 84' lang='lat' dir='ltr'>alius</span> <span class='ocrx_word' id='word_1_173' title='bbox 569 1605 804 1658; x_wconf 86' lang='lat' dir='ltr'>quandoque</span> <span class='ocrx_word' id='word_1_174' title='bbox 833 1604 1050 1658; x_wconf 80' lang='lat' dir='ltr'>legitimus,</span> <span class='ocrx_word' id='word_1_175' title='bbox 1080 1601 1318 1655; x_wconf 81' lang='lat' dir='ltr'>quandoque</span> <span class='ocrx_word' id='word_1_176' title='bbox 1345 1613 1364 1637; x_wconf 88' lang='lat' dir='ltr'>a</span> <span class='ocrx_word' id='word_1_177' title='bbox 1386 1598 1622 1653; x_wconf 80' lang='lat' dir='ltr'>Magistratu</span> 
     </span>
    </p>
   </div>
   <div class='ocr_carea' id='block_1_5' title="bbox 187 1667 1143 1870">
    <p class='ocr_par' dir='ltr' id='par_1_7' title="bbox 187 1667 1143 1870">
     <span class='ocr_line' id='line_1_23' title="bbox 187 1667 505 1709; baseline -0.003 -2"><span class='ocrx_word' id='word_1_178' title='bbox 187 1668 300 1708; x_wconf 87' lang='lat' dir='ltr'>datus</span> <span class='ocrx_word' id='word_1_179' title='bbox 320 1667 505 1709; x_wconf 85' lang='lat' dir='ltr'>succedit.</span> 
     </span>
     <span class='ocr_line' id='line_1_24' title="bbox 665 1721 1143 1773; baseline -0.01 0"><span class='ocrx_word' id='word_1_180' title='bbox 665 1724 710 1772; x_wconf 92' lang='lat' dir='ltr'>T</span> <span class='ocrx_word' id='word_1_181' title='bbox 751 1739 774 1773; x_wconf 92' lang='lat'>1</span> <span class='ocrx_word' id='word_1_182' title='bbox 818 1738 869 1772; x_wconf 72' lang='lat' dir='ltr'>T,</span> <span class='ocrx_word' id='word_1_183' title='bbox 945 1721 1143 1770; x_wconf 86' lang='lat' dir='ltr'><strong>XXIII.</strong></span> 
     </span>
     <span class='ocr_line' id='line_1_25' title="bbox 681 1819 1124 1870; baseline -0.002 0"><span class='ocrx_word' id='word_1_184' title='bbox 681 1819 760 1870; x_wconf 81' lang='lat' dir='ltr'>De</span> <span class='ocrx_word' id='word_1_185' title='bbox 797 1820 1124 1870; x_wconf 76' lang='lat' dir='ltr'>Curatoribus.</span> 
     </span>
    </p>
   </div>
   <div class='ocr_carea' id='block_1_6' title="bbox 189 1914 1623 2285">
    <p class='ocr_par' dir='ltr' id='par_1_8' title="bbox 189 1914 1623 2101">
     <span class='ocr_line' id='line_1_26' title="bbox 247 1914 1623 1973; baseline -0.003 -14"><span class='ocrx_word' id='word_1_186' title='bbox 247 1936 280 1963; x_wconf 87' lang='lat'>1.</span> <span class='ocrx_word' id='word_1_187' title='bbox 311 1921 494 1962; x_wconf 86' lang='lat' dir='ltr'>Tutelam</span> <span class='ocrx_word' id='word_1_188' title='bbox 513 1921 692 1973; x_wconf 85' lang='lat' dir='ltr'>sequitur</span> <span class='ocrx_word' id='word_1_189' title='bbox 708 1918 810 1967; x_wconf 79' lang='lat' dir='ltr'>Cura,</span> <span class='ocrx_word' id='word_1_190' title='bbox 831 1932 914 1971; x_wconf 79' lang='lat' dir='ltr'>quae</span> <span class='ocrx_word' id='word_1_191' title='bbox 935 1918 988 1957; x_wconf 84' lang='lat' dir='ltr'>est</span> <span class='ocrx_word' id='word_1_192' title='bbox 1005 1917 1063 1956; x_wconf 76' lang='lat' dir='ltr'>vis</span> <span class='ocrx_word' id='word_1_193' title='bbox 1084 1923 1117 1959; x_wconf 74' lang='grc' dir='ltr'>ὅ(</span> <span class='ocrx_word' id='word_1_194' title='bbox 1138 1917 1307 1970; x_wconf 79' lang='lat' dir='ltr'>potestas</span> <span class='ocrx_word' id='word_1_195' title='bbox 1327 1914 1623 1955; x_wconf 81' lang='lat' dir='ltr'>administrandi</span> 
     </span>
     <span class='ocr_line' id='line_1_27' title="bbox 189 1977 1623 2036; baseline -0.006 -12"><span class='ocrx_word' id='word_1_196' title='bbox 189 1985 292 2023; x_wconf 85' lang='lat' dir='ltr'>bona</span> <span class='ocrx_word' id='word_1_197' title='bbox 321 1997 476 2033; x_wconf 83' lang='lat' dir='ltr'>eorum,</span> <span class='ocrx_word' id='word_1_198' title='bbox 505 1985 573 2036; x_wconf 81' lang='lat' dir='ltr'>qui</span> <span class='ocrx_word' id='word_1_199' title='bbox 603 1982 665 2022; x_wconf 89' lang='lat' dir='ltr'>vel</span> <span class='ocrx_word' id='word_1_200' title='bbox 695 1995 766 2034; x_wconf 89' lang='lat' dir='ltr'>per</span> <span class='ocrx_word' id='word_1_201' title='bbox 786 1990 942 2021; x_wconf 81' lang='lat' dir='ltr'>aetatem</span> <span class='ocrx_word' id='word_1_202' title='bbox 962 1980 1162 2019; x_wconf 78' lang='lat' dir='ltr'>minorem</span> <span class='ocrx_word' id='word_1_203' title='bbox 1182 1993 1278 2019; x_wconf 80' lang='lat' dir='ltr'>xxv.</span> <span class='ocrx_word' id='word_1_204' title='bbox 1300 1977 1424 2025; x_wconf 77' lang='lat' dir='ltr'>anniS,</span> <span class='ocrx_word' id='word_1_205' title='bbox 1454 1978 1518 2017; x_wconf 89' lang='lat' dir='ltr'>vel</span> <span class='ocrx_word' id='word_1_206' title='bbox 1550 1990 1623 2031; x_wconf 84' lang='lat' dir='ltr'>per</span> 
     </span>
     <span class='ocr_line' id='line_1_28' title="bbox 191 2043 1332 2101; baseline -0.009 -13"><span class='ocrx_word' id='word_1_207' title='bbox 191 2048 309 2088; x_wconf 86' lang='lat' dir='ltr'>animi</span> <span class='ocrx_word' id='word_1_208' title='bbox 328 2047 587 2101; x_wconf 83' lang='lat' dir='ltr'>corporisque</span> <span class='ocrx_word' id='word_1_209' title='bbox 604 2045 748 2086; x_wconf 87' lang='lat' dir='ltr'>vitium</span> <span class='ocrx_word' id='word_1_210' title='bbox 766 2059 811 2085; x_wconf 88' lang='lat' dir='ltr'>ea</span> <span class='ocrx_word' id='word_1_211' title='bbox 826 2043 1096 2083; x_wconf 85' lang='lat' dir='ltr'>administrare</span> <span class='ocrx_word' id='word_1_212' title='bbox 1116 2050 1332 2095; x_wconf 76' lang='lat' dir='ltr'>nequeunt.</span> 
     </span>
    </p>

    <p class='ocr_par' dir='ltr' id='par_1_9' title="bbox 193 2102 1623 2223">
     <span class='ocr_line' id='line_1_29' title="bbox 248 2102 1623 2161; baseline -0.004 -12"><span class='ocrx_word' id='word_1_213' title='bbox 248 2127 284 2152; x_wconf 88' lang='lat'>2.</span> <span class='ocrx_word' id='word_1_214' title='bbox 313 2113 420 2151; x_wconf 85' lang='lat' dir='ltr'>Cura</span> <span class='ocrx_word' id='word_1_215' title='bbox 435 2111 519 2150; x_wconf 83' lang='lat' dir='ltr'>fere</span> <span class='ocrx_word' id='word_1_216' title='bbox 538 2111 592 2149; x_wconf 88' lang='lat' dir='ltr'>est</span> <span class='ocrx_word' id='word_1_217' title='bbox 611 2107 728 2147; x_wconf 78' lang='lat' dir='ltr'>unius</span> <span class='ocrx_word' id='word_1_218' title='bbox 747 2107 914 2161; x_wconf 82' lang='lat' dir='ltr'>generis.</span> <span class='ocrx_word' id='word_1_219' title='bbox 969 2107 1130 2145; x_wconf 82' lang='lat' dir='ltr'>Dantur</span> <span class='ocrx_word' id='word_1_220' title='bbox 1144 2106 1359 2144; x_wconf 79' lang='lat' dir='ltr'>Curatores</span> <span class='ocrx_word' id='word_1_221' title='bbox 1379 2117 1401 2142; x_wconf 78' lang='lat' dir='ltr'>a</span> <span class='ocrx_word' id='word_1_222' title='bbox 1416 2102 1623 2158; x_wconf 80' lang='lat' dir='ltr'>Magistra-</span> 
     </span>
     <span class='ocr_line' id='line_1_30' title="bbox 193 2171 1027 2223; baseline -0.006 -9"><span class='ocrx_word' id='word_1_223' title='bbox 193 2173 311 2223; x_wconf 77' lang='lat' dir='ltr'>tibus,</span> <span class='ocrx_word' id='word_1_224' title='bbox 337 2181 371 2216; x_wconf 70' lang='grc' dir='ltr'>ὃ(</span> <span class='ocrx_word' id='word_1_225' title='bbox 391 2175 439 2214; x_wconf 85' lang='lat' dir='ltr'>ab</span> <span class='ocrx_word' id='word_1_226' title='bbox 458 2173 611 2221; x_wconf 86' lang='lat' dir='ltr'>iisdem,</span> <span class='ocrx_word' id='word_1_227' title='bbox 640 2186 660 2210; x_wconf 85' lang='lat' dir='ltr'>a</span> <span class='ocrx_word' id='word_1_228' title='bbox 683 2171 822 2223; x_wconf 86' lang='lat' dir='ltr'>quibus</span> <span class='ocrx_word' id='word_1_229' title='bbox 839 2174 1027 2212; x_wconf 84' lang='lat' dir='ltr'>Tutores.</span> 
     </span>
    </p>

    <p class='ocr_par' dir='ltr' id='par_1_10' title="bbox 253 2230 1621 2285">
     <span class='ocr_line' id='line_1_31' title="bbox 253 2230 1621 2285; baseline -0.007 -7"><span class='ocrx_word' id='word_1_230' title='bbox 253 2253 286 2285; x_wconf 88' lang='lat'>3.</span> <span class='ocrx_word' id='word_1_231' title='bbox 315 2239 564 2278; x_wconf 82' lang='lat' dir='ltr'>Testamento</span> <span class='ocrx_word' id='word_1_232' title='bbox 583 2250 663 2276; x_wconf 90' lang='lat' dir='ltr'>non</span> <span class='ocrx_word' id='word_1_233' title='bbox 687 2235 830 2275; x_wconf 86' lang='lat' dir='ltr'>dantur</span> <span class='ocrx_word' id='word_1_234' title='bbox 843 2237 1071 2283; x_wconf 79' lang='lat' dir='ltr'>Curatores,</span> <span class='ocrx_word' id='word_1_235' title='bbox 1099 2248 1188 2274; x_wconf 81' lang='lat' dir='ltr'>cum</span> <span class='ocrx_word' id='word_1_236' title='bbox 1203 2233 1310 2273; x_wconf 85' lang='lat' dir='ltr'>Patri</span> <span class='ocrx_word' id='word_1_237' title='bbox 1331 2233 1417 2285; x_wconf 85' lang='lat' dir='ltr'>post</span> <span class='ocrx_word' id='word_1_238' title='bbox 1437 2230 1621 2283; x_wconf 84' lang='lat' dir='ltr'>puberta-</span> 
     </span>
    </p>
   </div>
   <div class='ocr_carea' id='block_1_7' title="bbox 195 2292 1620 2394">
    <p class='ocr_par' dir='ltr' id='par_1_11' title="bbox 195 2292 1620 2394">
     <span class='ocr_line' id='line_1_32' title="bbox 195 2292 1620 2348; baseline -0.008 -6"><span class='ocrx_word' id='word_1_239' title='bbox 195 2313 274 2342; x_wconf 87' lang='lat' dir='ltr'>tem</span> <span class='ocrx_word' id='word_1_240' title='bbox 293 2299 342 2340; x_wconf 86' lang='lat' dir='ltr'>de</span> <span class='ocrx_word' id='word_1_241' title='bbox 364 2299 478 2340; x_wconf 81' lang='lat' dir='ltr'>bonis</span> <span class='ocrx_word' id='word_1_242' title='bbox 496 2301 569 2340; x_wconf 90' lang='lat' dir='ltr'>filii</span> <span class='ocrx_word' id='word_1_243' title='bbox 588 2301 820 2341; x_wconf 79' lang='lat' dir='ltr'>testamento</span> <span class='ocrx_word' id='word_1_244' title='bbox 839 2301 1007 2341; x_wconf 85' lang='lat' dir='ltr'>statuere</span> <span class='ocrx_word' id='word_1_245' title='bbox 1025 2311 1107 2339; x_wconf 89' lang='lat' dir='ltr'>non</span> <span class='ocrx_word' id='word_1_246' title='bbox 1126 2298 1219 2339; x_wconf 85' lang='lat' dir='ltr'>licet</span> <span class='ocrx_word' id='word_1_247' title='bbox 1237 2318 1247 2348; x_wconf 84' lang='lat'>3</span> <span class='ocrx_word' id='word_1_248' title='bbox 1278 2299 1402 2336; x_wconf 80' lang='lat' dir='ltr'>Datus</span> <span class='ocrx_word' id='word_1_249' title='bbox 1422 2304 1551 2332; x_wconf 78' lang='lat' dir='ltr'>tamen</span> <span class='ocrx_word' id='word_1_250' title='bbox 1571 2292 1620 2332; x_wconf 88' lang='lat' dir='ltr'>ab</span> 
     </span>
     <span class='ocr_line' id='line_1_33' title="bbox 1570 2369 1620 2394; baseline 0 0"><span class='ocrx_word' id='word_1_251' title='bbox 1570 2369 1620 2394; x_wconf 82' lang='lat' dir='ltr'>eo</span> 
     </span>
    </p>
   </div>
  </div>
 </body>
</html>
