2059 2812
609 147 720 201 Lib.
757 149 822 201 II.
895 148 992 201 Tit.
1031 147 1123 201 III.
1511 163 1576 218 91

206 267 243 293 2.
275 249 446 290 Servitus
465 248 518 288 est
538 249 730 289 Praedialis
751 249 814 290 vel
841 246 1059 302 Perfimalis.

209 329 243 362 3·
273 309 479 359 Praedz‘alis‚
507 323 594 363 quae
626 309 838 364 aliquando
868 309 984 349 realis
1014 310 1177 358 dicitur,
1206 311 1260 353 est
1280 311 1356 364 qua
1380 311 1576 354 Praedium

152 375 270 417 servit
297 373 467 414 Praedio.
525 373 648 414 Unde
676 371 783 412 aliud
813 372 867 411 est
892 370 1089 410 Praedium
1109 373 1291 423 Serviens‚
1325 373 1432 414 aliud
1454 375 1577 415 Domi-

151 454 266 489 nans3
298 439 441 490 Estque
460 436 524 476 vel
544 435 791 476 Praediorum
813 432 1037 486 Rusticorum
1056 433 1122 473 vel
1138 433 1390 475 Urbanorum.

201 516 240 550 4.
272 501 455 554 Rusticum
476 511 572 541 vero
597 497 788 553 praedium
809 508 912 537 voco
929 496 1144 550 quemlibet
1163 497 1342 545 fundum,
1369 498 1437 537 seu
1459 499 1578 539 aedifi-

148 565 251 605 cium
271 565 319 605 ad
340 565 449 605 usum
468 562 818 617 percipiendorum
836 559 1038 601 frudiuum
1067 562 1332 613 exstrudtum3
1369 561 1580 610 Urbanum,

149 628 318 680 quodvis
338 628 548 668 aedificium
565 624 771 665 habitandi
791 623 903 664 caus&
922 634 1206 678 comparatum,
1234 632 1268 667 ὅ(
1285 639 1520 679 quocunque
1538 627 1580 666 in

150 690 243 730 loco
258 690 385 739 situm,
403 690 477 732 five
497 690 597 737 ruri,
615 687 691 728 five
711 688 755 727 in
773 687 949 737 civitate,
979 690 1072 741 quia
1091 689 1277 730 rusticum
1295 689 1359 728 vel
1373 689 1581 730 Urbanum

149 754 346 806 praedium
365 768 444 793 non
463 754 574 793 locus
591 752 703 801 facit,
731 750 799 791 sed
819 750 921 792 usus.

209 832 245 863 5.
277 818 495 858 Servitutes
522 815 771 856 Praediorum
805 814 1045 854 rusticorum
1077 814 1168 853 sunt
1194 813 1294 866 Iter,
1322 815 1456 862 Afflus,
1497 816 1584 866 Via,

152 879 406 931 Aquaedublus,
438 878 584 918 Pecoris
607 877 661 917 ad
686 892 822 931 aquam·
847 877 1031 931 appulsus,
1071 876 1142 926 Jus
1167 879 1356 932 pascendi,
1396 877 1508 918 calcis
1531 893 1583 918 co-

151 942 305 995 quendae,
336 944 464 982 Arenae
475 942 663 995 fbdiendae.

206 1014 242 1048 6.
274 1007 351 1045 Iter
367 1007 422 1047 est
442 1006 502 1060 jus
520 1005 657 1056 eundi,
679 1003 905 1045 ambulandi
922 1018 994 1059 per
1013 1003 1178 1045 alterius
1195 1004 1391 1057 praedium
1408 1005 1458 1047 ad
1476 1005 1585 1048 utili-

152 1080 274 1110 tatem
293 1070 438 1110 Praedii
458 1069 531 1110 sui.

210 1149 247 1176 7.
278 1132 390 1170 Aizus
409 1133 464 1171 est
494 1133 552 1182 jus
570 1132 712 1183 agendi
734 1136 978 1184 Jumentum,
1006 1130 1070 1171 vel
1089 1128 1318 1171 vehiculum
1335 1144 1408 1184 per
1425 1129 1588 1171 alterius

153 1190 321 1231 fundum
343 1191 392 1230 ad
410 1189 626 1230 utilitatem
643 1190 757 1230 fundi
780 1190 853 1229 sui.

209 1259 244 1293 8.
276 1254 348 1292 Via
366 1255 420 1293 est
436 1253 498 1305 jus
517 1252 637 1291 eundi
655 1257 690 1292 ὃ(
709 1251 853 1304 agendi
871 1257 905 1292 ὃ(
920 1248 1163 1299 ambulandi,
1180 1263 1270 1289 nam
1285 1253 1369 1290 Iter
1386 1257 1420 1293 ὅ(
1440 1254 1587 1293 Αᾶςιιῐη

154 1320 229 1361 Via
247 1318 288 1357 in
307 1316 345 1356 se
364 1316 558 1357 continet.

206 1397 243 1429 9.
274 1378 511 1434 Aquaedufifus
530 1379 585 1418 est
614 1377 674 1431 jus
701 1391 809 1430 aquae
828 1374 1018 1416 ducendae
1044 1389 1092 1414 ex
1118 1374 1252 1415 alieno
1272 1375 1385 1417 fonte
1407 1391 1477 1430 per
1496 1379 1586 1419 fun-

152 1445 246 1486 dum
266 1443 451 1491 alienum,
480 1442 543 1482 vel
561 1440 610 1480 ad
643 1439 924 1495 irrigationem
941 1440 1027 1492 agri
1052 1439 1193 1487 nostri,
1221 1438 1286 1479 vel
1304 1439 1353 1479 ad
1379 1441 1588 1482 amoenita-

154 1519 249 1557 tem,
279 1505 343 1546 vel
361 1506 516 1558 pecoris
535 1502 660 1544 causfi.

202 1616 267 1650 Via
284 1613 357 1659 est]
393 1612 543 1647 Martial.
558 1614 620 1659 Ep.

488 1667 660 1712 Abstulerat
677 1675 770 1700 totam
787 1665 964 1700 temerarius
982 1666 1093 1711 Institor
1111 1668 1240 1709 Urbem,

537 1717 629 1759 Inque
638 1714 691 1760 suo
708 1715 821 1747 nullum
839 1713 941 1747 limine
959 1715 1070 1748 Limen
1087 1723 1163 1747 erat.

490 1761 598 1806 Juffisti
616 1771 728 1801 tenues,
754 1761 946 1800 Germanice,
973 1761 1099 1805 crescere
1121 1763 1208 1799 vicos,

538 1810 581 1842 Et
599 1809 679 1842 modo
695 1818 756 1852 qua:
767 1805 873 1850 fuerat
889 1809 948 1841 SE
958 1807 1026 1841 MI
1034 1809 1103 1848 TA,
1120 1806 1206 1851 facia
1232 1808 1311 1842 VIA
1329 1807 1376 1853 cst.

207 1868 452 1918 Aquaedudhis]
492 1871 595 1902 Erant
620 1867 704 1902 olim
725 1866 945 1913 Aquaedu&us
972 1866 1022 1900 vel
1048 1869 1169 1911 publici,
1198 1867 1251 1903 vel
1276 1870 1402 1913 privati.
1460 1871 1498 1903 Iu
1519 1869 1586 1904 iliis

160 1917 365 1953 exstruendis
383 1926 451 1950 tam
470 1913 652 1962 splendidi,
679 1924 816 1960 tamque
835 1914 1003 1958 magnifici
1020 1925 1112 1948 erant
1130 1916 1290 1958 Romani,
1316 1924 1353 1949 ut
1370 1929 1487 1963 pauca,
1514 1929 1587 1963 quae

161 1966 237 1999 hinc
267 1964 348 1998 inde
379 1962 549 2009 supersunt
575 1961 694 1997 rudem
714 1962 847 2008 posteris
873 1961 936 1995 sint
953 1960 1182 1995 admirationi.
1236 1961 1391 1997 Solebant
1419 1965 1506 1998 enim
1530 1977 1589 1998 ex-

161 2013 281 2045 struere
295 2010 454 2051 fornices,
481 2013 516 2044 &
532 2009 635 2043 veluti
655 2018 773 2054 pontes
788 2019 846 2055 per
860 2020 945 2054 quos
968 2020 1057 2055 aqua
1076 2019 1237 2054 tanquam
1255 2009 1379 2043 flumen
1397 2010 1537 2058 aliquod
1553 2013 1588 2045 in

161 2057 273 2092 urbem
290 2058 482 2099 duceretur,
503 2068 566 2091 ceu
580 2055 681 2090 docet
694 2060 787 2100 Aqua
804 2055 940 2097 Trajana
957 2055 1090 2102 dcpffia
1104 2057 1137 2090 in
1153 2057 1311 2090 Nummo
1326 2056 1415 2103 apud
1427 2057 1583 2092 Vaillant„

162 2106 270 2138 Num.
285 2107 367 2150 Imp.
390 2115 484 2151 p.47.
537 2103 636 2137 Tales
653 2104 978 2149 erautRomaeAqua
995 2104 1138 2146 Claudia,
1165 2105 1285 2145 Curtia,
1310 2103 1446 2151 aliaeque
1465 2105 1588 2151 plures,

164 2163 303 2197 quarum
321 2151 429 2197 paffim
447 2152 480 2184 in
496 2150 717 2185 marmoribus
731 2149 771 2184 fit
789 2149 929 2183 mentio.
982 2152 1025 2184 Et
1044 2149 1118 2184 sane
1143 2149 1193 2184 his
1217 2152 1314 2196 aquis
1337 2163 1402 2185 non
1418 2151 1523 2186 solum
1546 2150 1586 2184 ad

165 2197 383 2231 neceffitatem
402 2196 591 2240 utebantur,
617 2196 673 2231 sed
691 2201 727 2232 &
747 2195 789 2231 ad
805 2195 1010 2244 voluptatem
1031 2201 1068 2233 δε
1086 2196 1264 2241 luxuriam,
1289 2197 1331 2232 ad
1350 2211 1449 2245 quam
1469 2199 1587 2242 impsi-

165 2246 225 2278 mis
240 2254 430 2290 comparata
444 2256 535 2278 erant
548 2247 715 2294 Nymphaea.

213 2299 314 2330 Erant
336 2296 404 2330 haec
427 2296 566 2331 aedificia
593 2298 724 2345 publica
750 2295 919 2332 ambitiosi
947 2299 1070 2345 operis,
1096 2299 1130 2332 in
1155 2299 1274 2345 quibus
1301 2309 1392 2343 aquae
1416 2296 1585 2330 corrivatae

164 2340 382 2390 spedhzntiurn
404 2342 618 2379 deleuationi
637 2357 674 2379 ae
691 2343 937 2389 refrigerationi
963 2347 1058 2380 miris
1082 2345 1190 2379 modis
1207 2343 1376 2378 saliebant.
1428 2343 1494 2378 Sed
1523 2356 1585 2378 nec

925 2394 963 2424 M
991 2404 1011 2425 2
1484 2392 1589 2434 magis
