2059 2812
388 170 498 218 244
792 148 1051 200 Elementa
1082 145 1228 213 Juris
1257 145 1424 199 Civilis

389 247 532 292 multas
549 263 596 290 ex
615 248 684 288 sua
714 245 997 300 jurisdifiione
1016 244 1262 293 introduxit,
1291 245 1388 285 item
1405 243 1677 300 Praejudicz'ales
1708 244 1831 285 attio-

391 326 476 362 nes,
503 327 590 366 quae
608 311 704 353 licet
721 323 769 351 ex
786 309 874 365 jure
893 310 934 350 in
953 308 1165 363 personam
1183 308 1408 357 nascantur,
1434 319 1567 350 tamen
1591 308 1632 350 in
1654 322 1736 350 reni
1754 309 1831 349 effe

389 376 594 418 videntur.

450 453 513 480 10.
543 443 603 478 Ita
629 437 831 491 permittit
850 440 1006 476 Praetor
1027 435 1067 474 in
1096 448 1177 476 rem
1205 447 1336 488 agere,
1363 445 1406 475 ut
1426 434 1490 475 vel
1509 436 1635 477 Adios
1662 437 1767 477 dicut
1794 434 1830 474 se

389 501 495 556 quafi
515 501 745 555 usucepiffe‚
762 501 872 555 quod
894 514 975 539 non
991 499 1042 538 us
1040 499 1216 551 uceperit
1227 519 1312 550 3——
1326 499 1390 538 vel
1406 511 1453 537 ex
1468 498 1626 539 diverso
1640 498 1832 539 Poffeffor

390 566 512 616 dicat,
540 565 810 606 adversarium
839 564 951 604 suum
972 577 1053 602 non
1077 561 1310 614 usucepifl'e,
1337 561 1449 613 quod
1474 561 1712 616 usuceperit.

448 642 509 667 11.
541 629 645 668 Nam
662 625 688 664 fi
710 626 774 665 cui
800 639 848 664 ex
873 625 970 678 justa
989 623 1102 663 causa
1122 635 1183 662 res
1202 623 1333 676 aliqua
1353 622 1501 663 tradita
1520 623 1659 674 fuerit,
1685 629 1721 665 ἃ
1739 638 1830 665 nec-

387 688 483 728 dum
502 688 584 742 ejus
603 689 661 728 rei
681 687 866 727 dominus
881 686 1042 727 effedhis
1061 687 1115 725 est
1130 705 1142 736 3
1173 684 1198 724 fi
1224 687 1255 726 is
1274 684 1354 738 ejus
1376 686 1432 725 rei
1450 685 1720 738 posseffionem
1739 686 1828 727 casu

386 749 579 800 amiserit,
607 752 758 792 nullam
777 750 896 790 habet
915 751 956 790 in
977 763 1061 789 rem
1088 748 1280 789 direo‘tam
1305 749 1502 790 actionem
1522 748 1571 788 ad
1590 764 1673 790 eam
1700 750 1828 803 perse-

385 813 608 867 quendam:
639 815 787 868 quippe
811 813 867 852 ita
892 811 1065 865 proditae
1093 810 1183 850 sunt
1209 810 1296 864 jure
1315 810 1427 851 civili
1447 812 1651 861 Aetiones,
1678 824 1721 853 ut
1741 815 1828 866 quis

384 878 626 918 Dominium
653 877 764 916 suum
796 875 988 916 vindicet.
1048 873 1124 914 Sed
1149 875 1242 926 quia
1271 873 1361 914 sane
1388 874 1534 917 durum
1555 888 1640 917 erat
1665 891 1714 918 eo
1738 878 1826 919 casu

383 939 552 981 deficere
572 941 782 988 adtionem,
812 940 976 979 inventa
994 938 1049 978 est
1076 951 1098 976 a
1125 940 1304 977 Praetore
1334 939 1470 988 Aetio,
1497 940 1538 980 in
1557 953 1635 992 qua
1660 939 1827 991 dicitis,

383 1005 453 1058 qui
480 1004 752 1058 poffeffionem
781 999 920 1051 amifit,
948 1016 1033 1042 eam
1065 1014 1148 1041 rem
1173 1001 1212 1040 se
1240 1000 1472 1054 usucepiffe‚
1501 1016 1615 1056 quam
1645 1005 1717 1043 usu
1743 1020 1824 1047 non

382 1069 505 1122 cepit,
532 1075 567 1111 ὅ(
588 1069 645 1109 ita
674 1067 851 1109 vindicat
875 1066 981 1107 suam
1006 1066 1113 1107 esse..
1154 1069 1259 1120 Qae
1285 1067 1391 1106 aetio
1410 1067 1627 1108 Publiciana
1650 1070 1825 1123 appella-

382 1144 462 1182 tur,
491 1132 682 1186 quoniam
706 1132 880 1185 primum
911 1143 933 1170 a
962 1127 1126 1170 Publicio
1158 1132 1338 1169 Praetore
1370 1129 1410 1170 in
1443 1130 1591 1173 Edidto
1619 1133 1824 1186 propofita

380 1197 449 1236 est.

439 1274 500 1301 12.
531 1258 685 1301 Rursus
705 1273 753 1299 ex
771 1258 947 1307 diverso,
975 1257 1002 1298 fi
1022 1258 1110 1312 quis
1137 1270 1226 1298 cum
1256 1256 1486 1311 reipublicae
1516 1257 1629 1300 causa
1659 1260 1826 1312 abesset,

379 1322 444 1363 vel
462 1323 502 1363 in
519 1323 691 1364 hostium
713 1325 907 1376 potestate
922 1323 1032 1372 esset,
1061 1335 1145 1362 rem
1164 1321 1247 1375 ejus
1261 1321 1331 1374 qui
1349 1322 1393 1361 in
1413 1322 1577 1363 civitate
1596 1323 1707 1372 effet,
1735 1325 1823 1366 usu-

378 1388 556 1439 ceperit3
586 1388 839 1440 permittitur
853 1387 1036 1436 domino,
1064 1385 1089 1428 fi
1105 1386 1297 1440 poffeffor
1313 1386 1546 1440 reipublicae
1562 1388 1674 1428 causa
1692 1388 1820 1431 abesse

377 1450 551 1500 deflerit,
580 1461 674 1491 tunc
704 1453 812 1492 intra
841 1464 988 1492 annum
1013 1451 1164 1505 rescissa
1191 1449 1435 1504 usucapione
1454 1464 1540 1492 eam
1558 1466 1642 1492 rem
1666 1464 1820 1508 petere,

377 1515 417 1554 id
438 1516 507 1564 est,
536 1516 592 1555 ita
611 1525 763 1567 petere,
793 1526 836 1555 ut
855 1514 976 1563 dicat,
1003 1514 1262 1567 poffefforem
1278 1512 1349 1552 usu
1367 1527 1447 1554 non
1466 1515 1623 1567 cepisse,
1651 1522 1687 1558 ὅ(
1707 1517 1761 1557 ob
1775 1518 1818 1559 id

376 1575 481 1616 suam
507 1590 591 1615 rem
611 1579 701 1617 effe.

434 1654 495 1688 13.
525 1643 630 1680 Item
657 1638 683 1679 fi
703 1639 786 1692 quis
809 1639 851 1679 in
873 1636 1057 1678 fraudem
1079 1637 1328 1679 creditorum
1353 1651 1437 1678 rem
1463 1638 1569 1678 suam
1597 1640 1716 1682 alicui
1738 1651 1816 1684 tra-

375 1703 541 1756 diderit,
568 1704 683 1743 bonis
703 1703 786 1757 ejus
806 1717 828 1743 a
856 1702 1124 1744 creditoribus
1151 1702 1320 1756 poffeffis
1346 1717 1394 1744 ex
1411 1702 1609 1743 sententia
1627 1705 1817 1756 Praefidis,

373 1764 627 1821 permittitur
647 1764 733 1819 ipfis
748 1764 1021 1806 creditoribus
1040 1763 1197 1806 rescisszi
1217 1765 1439 1805 traditione
1459 1778 1545 1805 eam
1564 1778 1649 1806 rem
1663 1777 1816 1821 petere,

422 1873 570 1910 Resciffa
593 1873 824 1922 usucapione]
854 1877 954 1909 Unus
972 1872 1135 1921 idemque
1152 1873 1327 1921 utriusque
1344 1874 1498 1916 aetionis,
1526 1878 1563 1910 &
1579 1875 1756 1911 Publicianae
1772 1880 1810 1912 ὃς

372 1922 542 1968 Rescifforiae
559 1923 677 1956 auitor
699 1922 860 1975 est,·puta
878 1923 1037 1956 Publicius.
1091 1923 1258 1956 Publicium
1282 1922 1441 1956 Ciceroni
1460 1920 1555 1956 fuisse
1579 1922 1716 1967 σύγχςονον
1739 1923 1808 1968 ple-

373 1971 472 2017 rique
496 1968 663 2013 colligunt
680 1981 721 2003 ex
740 1980 810 2015 ejus
828 1970 922 2003 Orat.
947 1981 1006 2013 pro
1023 1967 1155 2002 Cluent.
1176 1981 1247 2016 cap.
1265 1980 1321 2014 45.
1351 1968 1408 2003 ubi
1426 1970 1580 2004 meminit
1598 1969 1810 2015 QPublicii

371 2015 689 2051 Praetoris—Sed
705 2018 777 2050 attio
796 2017 950 2063 rescissoria
968 2016 1147 2062 antiquior
1158 2015 1292 2050 videtur
1308 2014 1352 2049 ob
1367 2015 1478 2051 locum
1494 2015 1653 2061 insignem
1665 2018 1808 2054 Terent.

372 2063 512 2101 Phorin.
527 2063 601 2099 A&
617 2064 664 2099 II.
685 2063 779 2097 Sccn.
798 2064 858 2099 IV.
878 2075 906 2097 v.
921 2062 1102 2105 9.—-—ubi
1120 2063 1277 2097 Cratinus
1291 2063 1495 2099 Advocatus.

988 2124 1086 2171 Qd
1114 2124 1168 2159 TE
1193 2125 1406 2159 ABSENTE
1430 2124 1569 2169 hicfilius

706 2172 795 2217 Egit,
819 2170 929 2217 nstitui
946 2173 975 2204 iu
993 2173 1154 2215 integrum,
1181 2183 1292 2218 aequum
1310 2171 1347 2217 est
1362 2169 1399 2206 ὠ·
1416 2172 1532 2213 bonum,

704 2221 750 2254 Et
767 2221 798 2254 id
813 2218 998 2264 impetrabis.

370 2281 458 2317 Vere
477 2281 568 2317 enim
585 2279 739 2328 loquitur
756 2280 799 2316 dc
815 2281 947 2316 afflone
964 2278 1132 2324 resciffiiria‚
1151 2279 1302 2326 quamvis
1320 2291 1394 2314 eam
1413 2279 1500 2315 male
1516 2288 1676 2328 tanquam
1694 2279 1807 2316 rabula

367 2327 526 2375 adplicet.

1754 2373 1798 2414 id
