<?xml version="1.0" encoding="UTF-8"?>
<!DOCTYPE html PUBLIC "-//W3C//DTD XHTML 1.0 Transitional//EN"
    "http://www.w3.org/TR/xhtml1/DTD/xhtml1-transitional.dtd">
<html xmlns="http://www.w3.org/1999/xhtml" xml:lang="en" lang="en">
 <head>
  <title>
</title>
<meta http-equiv="Content-Type" content="text/html;charset=utf-8" />
  <meta name='ocr-system' content='tesseract 3.04.00' />
  <meta name='ocr-capabilities' content='ocr_page ocr_carea ocr_par ocr_line ocrx_word'/>
</head>
<body>
  <div class='ocr_page' id='page_1' title='image "./jurisprudentiaph00eden_0046.png"; bbox 0 0 2059 2812; ppageno 0'>
   <div class='ocr_carea' id='block_1_1' title="bbox 390 138 1437 208">
    <p class='ocr_par' dir='ltr' id='par_1_1' title="bbox 390 138 1437 208">
     <span class='ocr_line' id='line_1_1' title="bbox 390 138 1437 208; baseline 0.003 -15"><span class='ocrx_word' id='word_1_1' title='bbox 390 157 459 193; x_wconf 85' lang='lat'>20</span> <span class='ocrx_word' id='word_1_2' title='bbox 780 138 1041 192; x_wconf 69' lang='lat' dir='ltr'>Elementa</span> <span class='ocrx_word' id='word_1_3' title='bbox 1077 141 1223 208; x_wconf 80' lang='lat' dir='ltr'>Jurz‘s</span> <span class='ocrx_word' id='word_1_4' title='bbox 1266 139 1437 196; x_wconf 81' lang='lat' dir='ltr'>Civilis</span> 
     </span>
    </p>
   </div>
   <div class='ocr_carea' id='block_1_2' title="bbox 449 240 1826 302">
    <p class='ocr_par' dir='ltr' id='par_1_2' title="bbox 449 240 1826 302">
     <span class='ocr_line' id='line_1_2' title="bbox 449 240 1826 302; baseline 0.006 -24"><span class='ocrx_word' id='word_1_5' title='bbox 449 255 510 287; x_wconf 92' lang='lat'>17.</span> <span class='ocrx_word' id='word_1_6' title='bbox 541 242 762 282; x_wconf 65' lang='lat' dir='ltr'>RssspoNsA</span> <span class='ocrx_word' id='word_1_7' title='bbox 783 252 1055 280; x_wconf 84' lang='lat' dir='ltr'>PRVDENTVM</span> <span class='ocrx_word' id='word_1_8' title='bbox 1084 240 1171 280; x_wconf 84' lang='lat' dir='ltr'>sunt</span> <span class='ocrx_word' id='word_1_9' title='bbox 1190 241 1408 293; x_wconf 86' lang='lat' dir='ltr'>sententiae,</span> <span class='ocrx_word' id='word_1_10' title='bbox 1425 248 1460 284; x_wconf 68' lang='lat' dir='ltr'>&amp;t</span> <span class='ocrx_word' id='word_1_11' title='bbox 1477 243 1687 297; x_wconf 81' lang='lat' dir='ltr'>opiniones</span> <span class='ocrx_word' id='word_1_12' title='bbox 1700 247 1826 302; x_wconf 86' lang='lat' dir='ltr'>Juris-</span> 
     </span>
    </p>
   </div>
   <div class='ocr_carea' id='block_1_3' title="bbox 381 306 1827 539">
    <p class='ocr_par' dir='ltr' id='par_1_3' title="bbox 381 306 1827 539">
     <span class='ocr_line' id='line_1_3' title="bbox 387 306 1827 364; baseline 0.006 -20"><span class='ocrx_word' id='word_1_13' title='bbox 387 306 677 357; x_wconf 83' lang='lat' dir='ltr'>consultorum,</span> <span class='ocrx_word' id='word_1_14' title='bbox 713 306 855 360; x_wconf 83' lang='lat' dir='ltr'>quibus</span> <span class='ocrx_word' id='word_1_15' title='bbox 884 308 1110 359; x_wconf 86' lang='lat' dir='ltr'>permissum</span> <span class='ocrx_word' id='word_1_16' title='bbox 1140 317 1226 347; x_wconf 79' lang='lat' dir='ltr'>erat</span> <span class='ocrx_word' id='word_1_17' title='bbox 1254 307 1304 347; x_wconf 87' lang='lat' dir='ltr'>de</span> <span class='ocrx_word' id='word_1_18' title='bbox 1336 307 1423 360; x_wconf 83' lang='lat' dir='ltr'>jure</span> <span class='ocrx_word' id='word_1_19' title='bbox 1452 309 1704 364; x_wconf 87' lang='lat' dir='ltr'>respondere.</span> <span class='ocrx_word' id='word_1_20' title='bbox 1763 311 1827 352; x_wconf 87' lang='lat' dir='ltr'>Ab</span> 
     </span>
     <span class='ocr_line' id='line_1_4' title="bbox 383 366 1825 425; baseline 0.006 -18"><span class='ocrx_word' id='word_1_21' title='bbox 383 366 445 407; x_wconf 80' lang='lat' dir='ltr'>his</span> <span class='ocrx_word' id='word_1_22' title='bbox 465 383 545 408; x_wconf 91' lang='lat' dir='ltr'>non</span> <span class='ocrx_word' id='word_1_23' title='bbox 566 370 703 423; x_wconf 79' lang='lat' dir='ltr'>magis,</span> <span class='ocrx_word' id='word_1_24' title='bbox 732 385 843 425; x_wconf 78' lang='lat' dir='ltr'>quam</span> <span class='ocrx_word' id='word_1_25' title='bbox 864 386 885 410; x_wconf 87' lang='lat' dir='ltr'>a</span> <span class='ocrx_word' id='word_1_26' title='bbox 912 372 998 424; x_wconf 85' lang='lat' dir='ltr'>jure</span> <span class='ocrx_word' id='word_1_27' title='bbox 1022 371 1163 419; x_wconf 78' lang='lat' dir='ltr'>Civili,</span> <span class='ocrx_word' id='word_1_28' title='bbox 1194 370 1319 424; x_wconf 89' lang='lat' dir='ltr'>(quod</span> <span class='ocrx_word' id='word_1_29' title='bbox 1341 371 1708 424; x_wconf 83' lang='lat' dir='ltr'>interpretabantur</span> <span class='ocrx_word' id='word_1_30' title='bbox 1728 379 1825 415; x_wconf 82' lang='lat' dir='ltr'>Pru-</span> 
     </span>
     <span class='ocr_line' id='line_1_5' title="bbox 381 431 1822 493; baseline 0.007 -22"><span class='ocrx_word' id='word_1_31' title='bbox 381 431 533 485; x_wconf 77' lang='lat' dir='ltr'>dentes)</span> <span class='ocrx_word' id='word_1_32' title='bbox 554 433 698 474; x_wconf 83' lang='lat' dir='ltr'>licebat</span> <span class='ocrx_word' id='word_1_33' title='bbox 718 436 853 492; x_wconf 77' lang='lat' dir='ltr'>Judici</span> <span class='ocrx_word' id='word_1_34' title='bbox 872 434 1083 487; x_wconf 79' lang='lat' dir='ltr'>recedere3</span> <span class='ocrx_word' id='word_1_35' title='bbox 1114 435 1235 476; x_wconf 82' lang='lat' dir='ltr'>Unde</span> <span class='ocrx_word' id='word_1_36' title='bbox 1255 441 1289 478; x_wconf 70' lang='grc' dir='ltr'>ἃ</span> <span class='ocrx_word' id='word_1_37' title='bbox 1308 435 1376 486; x_wconf 78' lang='lat' dir='ltr'>Jus</span> <span class='ocrx_word' id='word_1_38' title='bbox 1399 435 1524 488; x_wconf 83' lang='lat' dir='ltr'>Civile,</span> <span class='ocrx_word' id='word_1_39' title='bbox 1553 438 1712 493; x_wconf 84' lang='lat' dir='ltr'>ejusque</span> <span class='ocrx_word' id='word_1_40' title='bbox 1731 440 1822 480; x_wconf 78' lang='lat' dir='ltr'><em>viva</em></span> 
     </span>
     <span class='ocr_line' id='line_1_6' title="bbox 384 495 690 539; baseline 0.02 -6"><span class='ocrx_word' id='word_1_41' title='bbox 384 495 463 536; x_wconf 82' lang='lat' dir='ltr'>Vox</span> <span class='ocrx_word' id='word_1_42' title='bbox 486 495 690 539; x_wconf 85' lang='lat' dir='ltr'>dicuntur.</span> 
     </span>
    </p>
   </div>
   <div class='ocr_carea' id='block_1_4' title="bbox 381 607 1626 706">
    <p class='ocr_par' dir='ltr' id='par_1_4' title="bbox 381 607 1626 706">
     <span class='ocr_line' id='line_1_7' title="bbox 381 607 1030 657; baseline 0.012 -17"><span class='ocrx_word' id='word_1_43' title='bbox 381 607 459 641; x_wconf 86' lang='lat' dir='ltr'>Huc</span> <span class='ocrx_word' id='word_1_44' title='bbox 477 608 579 643; x_wconf 82' lang='lat' dir='ltr'>etiam</span> <span class='ocrx_word' id='word_1_45' title='bbox 601 612 773 656; x_wconf 83' lang='lat' dir='ltr'>pertinent</span> <span class='ocrx_word' id='word_1_46' title='bbox 786 614 953 657; x_wconf 64' lang='lat' dir='ltr'>Viigiliana</span> <span class='ocrx_word' id='word_1_47' title='bbox 972 610 1030 648; x_wconf 81' lang='lat' dir='ltr'>ista</span> 
     </span>
     <span class='ocr_line' id='line_1_8' title="bbox 717 660 1626 706; baseline 0.001 -12"><span class='ocrx_word' id='word_1_48' title='bbox 717 661 817 702; x_wconf 82' lang='lat' dir='ltr'>Nunc,</span> <span class='ocrx_word' id='word_1_49' title='bbox 843 662 1019 695; x_wconf 69' lang='lat' dir='ltr'>Veneranda</span> <span class='ocrx_word' id='word_1_50' title='bbox 1034 661 1136 703; x_wconf 80' lang='lat' dir='ltr'>Pales,</span> <span class='ocrx_word' id='word_1_51' title='bbox 1163 672 1269 706; x_wconf 74' lang='lat' dir='ltr'>magno</span> <span class='ocrx_word' id='word_1_52' title='bbox 1287 673 1363 696; x_wconf 84' lang='lat' dir='ltr'>nunc</span> <span class='ocrx_word' id='word_1_53' title='bbox 1378 673 1425 696; x_wconf 85' lang='lat' dir='ltr'>ore</span> <span class='ocrx_word' id='word_1_54' title='bbox 1436 660 1602 706; x_wconf 79' lang='lat' dir='ltr'>fimandum</span> <span class='ocrx_word' id='word_1_55' title='bbox 1615 678 1626 704; x_wconf 86' lang='lat'>;</span> 
     </span>
    </p>
   </div>
   <div class='ocr_carea' id='block_1_5' title="bbox 715 708 1522 751">
    <p class='ocr_par' dir='ltr' id='par_1_5' title="bbox 715 708 1522 751">
     <span class='ocr_line' id='line_1_9' title="bbox 715 708 1522 751; baseline 0.001 -9"><span class='ocrx_word' id='word_1_56' title='bbox 715 710 875 751; x_wconf 83' lang='lat' dir='ltr'>Incipiens,</span> <span class='ocrx_word' id='word_1_57' title='bbox 898 708 1020 751; x_wconf 73' lang='lat' dir='ltr'>stabulis</span> <span class='ocrx_word' id='word_1_58' title='bbox 1046 710 1185 744; x_wconf 83' lang='lat' dir='ltr'><em>EDICO</em></span> <span class='ocrx_word' id='word_1_59' title='bbox 1207 712 1238 744; x_wconf 86' lang='lat' dir='ltr'>in</span> <span class='ocrx_word' id='word_1_60' title='bbox 1256 710 1389 744; x_wconf 87' lang='lat' dir='ltr'>mollibus</span> <span class='ocrx_word' id='word_1_61' title='bbox 1401 710 1522 744; x_wconf 79' lang='lat' dir='ltr'>herbam</span> 
     </span>
    </p>
   </div>
   <div class='ocr_carea' id='block_1_6' title="bbox 371 757 1814 849">
    <p class='ocr_par' dir='ltr' id='par_1_6' title="bbox 371 757 1814 849">
     <span class='ocr_line' id='line_1_10' title="bbox 371 757 1814 849; baseline 0.005 -18"><span class='ocrx_word' id='word_1_62' title='bbox 371 798 486 846; x_wconf 81' lang='lat' dir='ltr'>Atque</span> <span class='ocrx_word' id='word_1_63' title='bbox 501 801 558 836; x_wconf 83' lang='lat' dir='ltr'>ista</span> <span class='ocrx_word' id='word_1_64' title='bbox 577 802 611 835; x_wconf 87' lang='lat' dir='ltr'>in</span> <span class='ocrx_word' id='word_1_65' title='bbox 631 757 973 847; x_wconf 38' lang='lat' dir='ltr'>lelth-rlssrcizgcigg.</span> <span class='ocrx_word' id='word_1_66' title='bbox 985 802 1129 845; x_wconf 81' lang='lat' dir='ltr'>Poenuli,</span> <span class='ocrx_word' id='word_1_67' title='bbox 1146 801 1202 838; x_wconf 87' lang='lat' dir='ltr'>ubi</span> <span class='ocrx_word' id='word_1_68' title='bbox 1218 803 1383 848; x_wconf 80' lang='lat' dir='ltr'>Prologus</span> <span class='ocrx_word' id='word_1_69' title='bbox 1395 802 1593 846; x_wconf 64' lang='lat' dir='ltr'>Comoediae,</span> <span class='ocrx_word' id='word_1_70' title='bbox 1612 804 1671 849; x_wconf 90' lang='lat' dir='ltr'>qui</span> <span class='ocrx_word' id='word_1_71' title='bbox 1689 800 1721 839; x_wconf 90' lang='lat' dir='ltr'>se</span> <span class='ocrx_word' id='word_1_72' title='bbox 1738 805 1814 838; x_wconf 85' lang='lat' dir='ltr'>Ma-</span> 
     </span>
    </p>
   </div>
   <div class='ocr_carea' id='block_1_7' title="bbox 367 847 1814 939">
    <p class='ocr_par' dir='ltr' id='par_1_7' title="bbox 367 847 1814 939">
     <span class='ocr_line' id='line_1_11' title="bbox 370 847 1814 900; baseline 0.004 -20"><span class='ocrx_word' id='word_1_73' title='bbox 370 847 547 900; x_wconf 71' lang='lat' dir='ltr'>gistratum</span> <span class='ocrx_word' id='word_1_74' title='bbox 568 849 617 884; x_wconf 81' lang='lat' dir='ltr'>vel</span> <span class='ocrx_word' id='word_1_75' title='bbox 634 851 876 896; x_wconf 80' lang='lat' dir='ltr'>Imperatorem</span> <span class='ocrx_word' id='word_1_76' title='bbox 901 851 1147 886; x_wconf 87' lang='lat' dir='ltr'>Histrionicum</span> <span class='ocrx_word' id='word_1_77' title='bbox 1172 850 1286 895; x_wconf 83' lang='lat' dir='ltr'>fingit,</span> <span class='ocrx_word' id='word_1_78' title='bbox 1312 852 1458 899; x_wconf 87' lang='lat' dir='ltr'>primum</span> <span class='ocrx_word' id='word_1_79' title='bbox 1474 852 1666 886; x_wconf 85' lang='lat' dir='ltr'>Praeconem</span> <span class='ocrx_word' id='word_1_80' title='bbox 1685 852 1732 886; x_wconf 86' lang='lat' dir='ltr'>ita</span> <span class='ocrx_word' id='word_1_81' title='bbox 1755 863 1814 886; x_wconf 85' lang='lat' dir='ltr'>ex-</span> 
     </span>
     <span class='ocr_line' id='line_1_12' title="bbox 367 903 465 939; baseline 0.02 -12"><span class='ocrx_word' id='word_1_82' title='bbox 367 903 465 939; x_wconf 75' lang='lat' dir='ltr'>citat,</span> 
     </span>
    </p>
   </div>
   <div class='ocr_carea' id='block_1_8' title="bbox 947 776 1076 785">
    <p class='ocr_par' dir='ltr' id='par_1_8' title="bbox 947 776 1076 785">
     <span class='ocr_line' id='line_1_13' title="bbox 947 776 1076 785; baseline 0 2027"><span class='ocrx_word' id='word_1_83' title='bbox 947 776 1076 785; x_wconf 95' lang='lat' dir='ltr'> </span> 
     </span>
    </p>
   </div>
   <div class='ocr_carea' id='block_1_9' title="bbox 365 945 1612 1134">
    <p class='ocr_par' dir='ltr' id='par_1_9' title="bbox 707 945 1396 991">
     <span class='ocr_line' id='line_1_14' title="bbox 707 945 1396 991; baseline -0.001 -10"><span class='ocrx_word' id='word_1_84' title='bbox 707 945 857 991; x_wconf 57' lang='lat' dir='ltr'>Exfiaerge,</span> <span class='ocrx_word' id='word_1_85' title='bbox 875 946 982 989; x_wconf 79' lang='lat' dir='ltr'>Praeco,</span> <span class='ocrx_word' id='word_1_86' title='bbox 1002 949 1059 981; x_wconf 78' lang='lat' dir='ltr'>Fac</span> <span class='ocrx_word' id='word_1_87' title='bbox 1073 948 1178 990; x_wconf 82' lang='lat' dir='ltr'>populo</span> <span class='ocrx_word' id='word_1_88' title='bbox 1194 947 1396 988; x_wconf 77' lang='lat' dir='ltr'>audientiam,</span> 
     </span>
    </p>

    <p class='ocr_par' dir='ltr' id='par_1_10' title="bbox 695 993 1440 1040">
     <span class='ocr_line' id='line_1_15' title="bbox 695 993 1440 1040; baseline 0 -12"><span class='ocrx_word' id='word_1_89' title='bbox 695 993 890 1040; x_wconf 82' lang='lat' dir='ltr'>Jamdudum</span> <span class='ocrx_word' id='word_1_90' title='bbox 909 998 1037 1038; x_wconf 54' lang='lat' dir='ltr'>expello,</span> <span class='ocrx_word' id='word_1_91' title='bbox 1053 994 1080 1039; x_wconf 86' lang='lat' dir='ltr'><em>fi</em></span> <span class='ocrx_word' id='word_1_92' title='bbox 1096 1004 1183 1027; x_wconf 87' lang='lat' dir='ltr'>tuum</span> <span class='ocrx_word' id='word_1_93' title='bbox 1200 994 1333 1038; x_wconf 79' lang='lat' dir='ltr'>Officium</span> <span class='ocrx_word' id='word_1_94' title='bbox 1345 994 1440 1038; x_wconf 83' lang='lat' dir='ltr'>scias.</span> 
     </span>
    </p>

    <p class='ocr_par' dir='ltr' id='par_1_11' title="bbox 365 1038 1145 1087">
     <span class='ocr_line' id='line_1_16' title="bbox 365 1038 1145 1087; baseline 0.004 -17"><span class='ocrx_word' id='word_1_95' title='bbox 365 1038 500 1074; x_wconf 83' lang='lat' dir='ltr'>Deinde</span> <span class='ocrx_word' id='word_1_96' title='bbox 521 1042 641 1075; x_wconf 76' lang='lat' dir='ltr'>recitat</span> <span class='ocrx_word' id='word_1_97' title='bbox 665 1042 771 1087; x_wconf 83' lang='lat' dir='ltr'>ipsum</span> <span class='ocrx_word' id='word_1_98' title='bbox 791 1040 947 1074; x_wconf 65' lang='lat' dir='ltr'>Edictum</span> <span class='ocrx_word' id='word_1_99' title='bbox 971 1041 1145 1075; x_wconf 65' lang='lat' dir='ltr'>fictitium.</span> 
     </span>
    </p>

    <p class='ocr_par' dir='ltr' id='par_1_12' title="bbox 696 1087 1612 1134">
     <span class='ocr_line' id='line_1_17' title="bbox 696 1087 1612 1134; baseline -0.001 -11"><span class='ocrx_word' id='word_1_100' title='bbox 696 1088 872 1124; x_wconf 86' lang='lat' dir='ltr'><em>BONVM</em></span> <span class='ocrx_word' id='word_1_101' title='bbox 896 1087 1084 1124; x_wconf 80' lang='lat' dir='ltr'><em>FACTVM</em></span> <span class='ocrx_word' id='word_1_102' title='bbox 1101 1089 1174 1130; x_wconf 76' lang='lat' dir='ltr'>’ST,</span> <span class='ocrx_word' id='word_1_103' title='bbox 1198 1089 1309 1123; x_wconf 63' lang='lat' dir='ltr'>Edicta</span> <span class='ocrx_word' id='word_1_104' title='bbox 1327 1097 1361 1123; x_wconf 83' lang='lat' dir='ltr'>ut</span> <span class='ocrx_word' id='word_1_105' title='bbox 1372 1088 1501 1134; x_wconf 77' lang='lat' dir='ltr'>servetis</span> <span class='ocrx_word' id='word_1_106' title='bbox 1517 1100 1585 1124; x_wconf 71' lang='lat' dir='ltr'>mea</span> <span class='ocrx_word' id='word_1_107' title='bbox 1601 1105 1612 1131; x_wconf 63' lang='grc' dir='ltr'><strong><em>ς</em></strong></span> 
     </span>
    </p>
   </div>
   <div class='ocr_carea' id='block_1_10' title="bbox 361 1133 1716 1273">
    <p class='ocr_par' dir='ltr' id='par_1_13' title="bbox 361 1133 1716 1273">
     <span class='ocr_line' id='line_1_18' title="bbox 361 1133 760 1182; baseline 0.008 -16"><span class='ocrx_word' id='word_1_108' title='bbox 361 1142 475 1181; x_wconf 84' lang='lat' dir='ltr'>eoque</span> <span class='ocrx_word' id='word_1_109' title='bbox 494 1135 594 1169; x_wconf 86' lang='lat' dir='ltr'>finito</span> <span class='ocrx_word' id='word_1_110' title='bbox 612 1133 760 1182; x_wconf 87' lang='lat' dir='ltr'>subjicit,</span> 
     </span>
     <span class='ocr_line' id='line_1_19' title="bbox 697 1181 1460 1227; baseline -0.003 -10"><span class='ocrx_word' id='word_1_111' title='bbox 697 1184 774 1217; x_wconf 48' lang='lat' dir='ltr'>Haec</span> <span class='ocrx_word' id='word_1_112' title='bbox 791 1185 940 1226; x_wconf 72' lang='lat' dir='ltr'>imperata</span> <span class='ocrx_word' id='word_1_113' title='bbox 957 1194 1017 1227; x_wconf 75' lang='lat' dir='ltr'>quae</span> <span class='ocrx_word' id='word_1_114' title='bbox 1035 1182 1119 1225; x_wconf 82' lang='lat' dir='ltr'>sunt,</span> <span class='ocrx_word' id='word_1_115' title='bbox 1141 1190 1193 1223; x_wconf 81' lang='lat' dir='ltr'>pro</span> <span class='ocrx_word' id='word_1_116' title='bbox 1211 1183 1333 1225; x_wconf 81' lang='lat' dir='ltr'>imperio</span> <span class='ocrx_word' id='word_1_117' title='bbox 1349 1181 1460 1226; x_wconf 76' lang='lat' dir='ltr'>histrico</span> 
     </span>
     <span class='ocr_line' id='line_1_20' title="bbox 697 1227 1716 1273; baseline 0.002 -11"><span class='ocrx_word' id='word_1_118' title='bbox 697 1229 871 1264; x_wconf 86' lang='lat' dir='ltr'><em>BONVM</em></span> <span class='ocrx_word' id='word_1_119' title='bbox 896 1230 992 1263; x_wconf 80' lang='lat' dir='ltr'>hercle</span> <span class='ocrx_word' id='word_1_120' title='bbox 1017 1230 1068 1263; x_wconf 90' lang='lat' dir='ltr'>FA</span> <span class='ocrx_word' id='word_1_121' title='bbox 1080 1228 1176 1264; x_wconf 89' lang='lat' dir='ltr'>CTV</span> <span class='ocrx_word' id='word_1_122' title='bbox 1178 1228 1223 1262; x_wconf 91' lang='lat' dir='ltr'>M</span> <span class='ocrx_word' id='word_1_123' title='bbox 1232 1237 1284 1271; x_wconf 87' lang='lat' dir='ltr'>pro</span> <span class='ocrx_word' id='word_1_124' title='bbox 1294 1228 1329 1272; x_wconf 71' lang='lat' dir='ltr'><em>ft</em></span> <span class='ocrx_word' id='word_1_125' title='bbox 1345 1227 1469 1273; x_wconf 81' lang='lat' dir='ltr'>quisque</span> <span class='ocrx_word' id='word_1_126' title='bbox 1486 1236 1520 1262; x_wconf 84' lang='lat' dir='ltr'>ut</span> <span class='ocrx_word' id='word_1_127' title='bbox 1533 1229 1716 1264; x_wconf 82' lang='lat' dir='ltr'>meminerit.</span> 
     </span>
    </p>
   </div>
   <div class='ocr_carea' id='block_1_11' title="bbox 358 1273 1802 1321">
    <p class='ocr_par' dir='ltr' id='par_1_14' title="bbox 358 1273 1802 1321">
     <span class='ocr_line' id='line_1_21' title="bbox 358 1273 1802 1321; baseline 0.003 -12"><span class='ocrx_word' id='word_1_128' title='bbox 358 1275 439 1310; x_wconf 83' lang='lat' dir='ltr'>Haec</span> <span class='ocrx_word' id='word_1_129' title='bbox 465 1275 609 1311; x_wconf 76' lang='lat' dir='ltr'>formula</span> <span class='ocrx_word' id='word_1_130' title='bbox 630 1288 759 1311; x_wconf 79' lang='lat' dir='ltr'>BONVM</span> <span class='ocrx_word' id='word_1_131' title='bbox 788 1288 934 1310; x_wconf 79' lang='lat' dir='ltr'>FACTVM</span> <span class='ocrx_word' id='word_1_132' title='bbox 963 1275 1008 1308; x_wconf 83' lang='lat' dir='ltr'>est</span> <span class='ocrx_word' id='word_1_133' title='bbox 1034 1276 1178 1321; x_wconf 85' lang='lat' dir='ltr'>antiqua</span> <span class='ocrx_word' id='word_1_134' title='bbox 1208 1273 1241 1308; x_wconf 87' lang='lat'>&amp;</span> <span class='ocrx_word' id='word_1_135' title='bbox 1271 1273 1427 1316; x_wconf 83' lang='lat' dir='ltr'>solennis,</span> <span class='ocrx_word' id='word_1_136' title='bbox 1455 1287 1558 1321; x_wconf 83' lang='lat' dir='ltr'>quam</span> <span class='ocrx_word' id='word_1_137' title='bbox 1587 1275 1718 1312; x_wconf 71' lang='lat' dir='ltr'>Ediffls</span> <span class='ocrx_word' id='word_1_138' title='bbox 1736 1276 1802 1313; x_wconf 88' lang='lat' dir='ltr'>suis</span> 
     </span>
    </p>
   </div>
   <div class='ocr_carea' id='block_1_12' title="bbox 354 1322 1800 1419">
    <p class='ocr_par' dir='ltr' id='par_1_15' title="bbox 354 1322 1800 1419">
     <span class='ocr_line' id='line_1_22' title="bbox 354 1322 850 1371; baseline -0.004 -14"><span class='ocrx_word' id='word_1_139' title='bbox 354 1323 606 1371; x_wconf 69' lang='lat' dir='ltr'>praemittebant</span> <span class='ocrx_word' id='word_1_140' title='bbox 619 1322 850 1366; x_wconf 80' lang='lat' dir='ltr'>Magistratus.</span> 
     </span>
     <span class='ocr_line' id='line_1_23' title="bbox 404 1366 1800 1419; baseline -0.002 -15"><span class='ocrx_word' id='word_1_141' title='bbox 404 1372 586 1406; x_wconf 87' lang='lat' dir='ltr'>Praetorum</span> <span class='ocrx_word' id='word_1_142' title='bbox 605 1369 763 1415; x_wconf 88' lang='lat' dir='ltr'>exemplo</span> <span class='ocrx_word' id='word_1_143' title='bbox 783 1380 922 1404; x_wconf 69' lang='lat' dir='ltr'>AEonsss</span> <span class='ocrx_word' id='word_1_144' title='bbox 945 1380 1084 1415; x_wconf 87' lang='lat' dir='ltr'>quoque</span> <span class='ocrx_word' id='word_1_145' title='bbox 1110 1366 1227 1402; x_wconf 61' lang='lat' dir='ltr'>Edicta</span> <span class='ocrx_word' id='word_1_146' title='bbox 1246 1366 1300 1402; x_wconf 85' lang='lat' dir='ltr'>sua</span> <span class='ocrx_word' id='word_1_147' title='bbox 1319 1366 1566 1415; x_wconf 86' lang='lat' dir='ltr'>proponebant,</span> <span class='ocrx_word' id='word_1_148' title='bbox 1592 1369 1634 1405; x_wconf 87' lang='lat' dir='ltr'>ad</span> <span class='ocrx_word' id='word_1_149' title='bbox 1663 1383 1737 1419; x_wconf 82' lang='lat' dir='ltr'>quae</span> <span class='ocrx_word' id='word_1_150' title='bbox 1754 1372 1800 1407; x_wconf 77' lang='lat' dir='ltr'>al-</span> 
     </span>
    </p>
   </div>
   <div class='ocr_carea' id='block_1_13' title="bbox 352 1416 1522 1508">
    <p class='ocr_par' dir='ltr' id='par_1_16' title="bbox 352 1416 1522 1508">
     <span class='ocr_line' id='line_1_24' title="bbox 352 1416 1105 1463; baseline -0.003 -11"><span class='ocrx_word' id='word_1_151' title='bbox 352 1416 444 1452; x_wconf 85' lang='lat' dir='ltr'>ludit</span> <span class='ocrx_word' id='word_1_152' title='bbox 460 1417 519 1453; x_wconf 90' lang='lat' dir='ltr'>suo</span> <span class='ocrx_word' id='word_1_153' title='bbox 538 1429 630 1452; x_wconf 88' lang='lat' dir='ltr'>more</span> <span class='ocrx_word' id='word_1_154' title='bbox 647 1416 755 1451; x_wconf 89' lang='lat' dir='ltr'>Plaut.</span> <span class='ocrx_word' id='word_1_155' title='bbox 774 1416 855 1463; x_wconf 86' lang='lat' dir='ltr'>Cap.</span> <span class='ocrx_word' id='word_1_156' title='bbox 872 1416 931 1449; x_wconf 90' lang='lat' dir='ltr'>IV.</span> <span class='ocrx_word' id='word_1_157' title='bbox 950 1428 984 1450; x_wconf 88' lang='lat'>2.</span> <span class='ocrx_word' id='word_1_158' title='bbox 1003 1428 1032 1449; x_wconf 90' lang='lat' dir='ltr'>v.</span> <span class='ocrx_word' id='word_1_159' title='bbox 1046 1427 1105 1461; x_wconf 89' lang='lat'>44.</span> 
     </span>
     <span class='ocr_line' id='line_1_25' title="bbox 689 1462 1522 1508; baseline -0.001 -9"><span class='ocrx_word' id='word_1_160' title='bbox 689 1466 789 1508; x_wconf 85' lang='lat' dir='ltr'><em>Euge,</em></span> <span class='ocrx_word' id='word_1_161' title='bbox 815 1464 1111 1499; x_wconf 81' lang='lat' dir='ltr'><strong><em>EDICTIONES</em></strong></span> <span class='ocrx_word' id='word_1_162' title='bbox 1134 1462 1398 1498; x_wconf 83' lang='lat' dir='ltr'><em>AEDILITIAS</em></span> <span class='ocrx_word' id='word_1_163' title='bbox 1421 1464 1522 1498; x_wconf 83' lang='lat' dir='ltr'>habet.</span> 
     </span>
    </p>
   </div>
   <div class='ocr_carea' id='block_1_14' title="bbox 348 1509 1795 1607">
    <p class='ocr_par' dir='ltr' id='par_1_17' title="bbox 348 1509 1795 1607">
     <span class='ocr_line' id='line_1_26' title="bbox 400 1509 1795 1560; baseline 0.001 -12"><span class='ocrx_word' id='word_1_164' title='bbox 400 1514 466 1560; x_wconf 91' lang='lat' dir='ltr'>va</span> <span class='ocrx_word' id='word_1_165' title='bbox 492 1511 760 1558; x_wconf 72' lang='lat' dir='ltr'>noNoRAva]</span> <span class='ocrx_word' id='word_1_166' title='bbox 803 1513 854 1546; x_wconf 86' lang='lat' dir='ltr'>Ita</span> <span class='ocrx_word' id='word_1_167' title='bbox 870 1510 1073 1558; x_wconf 88' lang='lat' dir='ltr'>appellatur,</span> <span class='ocrx_word' id='word_1_168' title='bbox 1098 1509 1206 1557; x_wconf 88' lang='lat' dir='ltr'>quod,</span> <span class='ocrx_word' id='word_1_169' title='bbox 1234 1511 1294 1556; x_wconf 87' lang='lat' dir='ltr'>qui</span> <span class='ocrx_word' id='word_1_170' title='bbox 1313 1509 1457 1545; x_wconf 85' lang='lat' dir='ltr'>honores</span> <span class='ocrx_word' id='word_1_171' title='bbox 1474 1521 1598 1555; x_wconf 87' lang='lat' dir='ltr'>gerunt</span> <span class='ocrx_word' id='word_1_172' title='bbox 1616 1511 1697 1558; x_wconf 68' lang='lat' dir='ltr'>(Le.</span> <span class='ocrx_word' id='word_1_173' title='bbox 1716 1515 1795 1549; x_wconf 92' lang='lat' dir='ltr'>Ma-</span> 
     </span>
     <span class='ocr_line' id='line_1_27' title="bbox 348 1557 1795 1607; baseline 0.001 -12"><span class='ocrx_word' id='word_1_174' title='bbox 348 1559 521 1605; x_wconf 85' lang='lat' dir='ltr'>gistratus)</span> <span class='ocrx_word' id='word_1_175' title='bbox 542 1560 775 1594; x_wconf 66' lang='lat' dir='ltr'>auetoritatem</span> <span class='ocrx_word' id='word_1_176' title='bbox 793 1558 873 1593; x_wconf 87' lang='lat' dir='ltr'>huic</span> <span class='ocrx_word' id='word_1_177' title='bbox 890 1559 966 1606; x_wconf 89' lang='lat' dir='ltr'>Juri</span> <span class='ocrx_word' id='word_1_178' title='bbox 981 1557 1160 1592; x_wconf 88' lang='lat' dir='ltr'>dederunt.</span> <span class='ocrx_word' id='word_1_179' title='bbox 1214 1557 1322 1592; x_wconf 85' lang='lat' dir='ltr'>Honor</span> <span class='ocrx_word' id='word_1_180' title='bbox 1339 1569 1584 1606; x_wconf 86' lang='lat' dir='ltr'>nonnunquam</span> <span class='ocrx_word' id='word_1_181' title='bbox 1610 1571 1671 1607; x_wconf 89' lang='lat' dir='ltr'>pro</span> <span class='ocrx_word' id='word_1_182' title='bbox 1690 1564 1795 1607; x_wconf 85' lang='lat' dir='ltr'>magi-</span> 
     </span>
    </p>
   </div>
   <div class='ocr_carea' id='block_1_15' title="bbox 348 1605 1544 1699">
    <p class='ocr_par' dir='ltr' id='par_1_18' title="bbox 348 1605 1544 1699">
     <span class='ocr_line' id='line_1_28' title="bbox 348 1605 1242 1654; baseline -0.004 -11"><span class='ocrx_word' id='word_1_183' title='bbox 348 1608 453 1643; x_wconf 85' lang='lat' dir='ltr'>stratu</span> <span class='ocrx_word' id='word_1_184' title='bbox 469 1607 618 1654; x_wconf 90' lang='lat' dir='ltr'>ponitur,</span> <span class='ocrx_word' id='word_1_185' title='bbox 641 1615 679 1641; x_wconf 92' lang='lat' dir='ltr'>ut</span> <span class='ocrx_word' id='word_1_186' title='bbox 694 1606 783 1652; x_wconf 87' lang='lat' dir='ltr'>apud</span> <span class='ocrx_word' id='word_1_187' title='bbox 800 1605 962 1653; x_wconf 89' lang='lat' dir='ltr'>Juvenal:</span> <span class='ocrx_word' id='word_1_188' title='bbox 995 1606 1063 1640; x_wconf 88' lang='lat' dir='ltr'>Sat.</span> <span class='ocrx_word' id='word_1_189' title='bbox 1080 1618 1109 1640; x_wconf 88' lang='lat'>1.</span> <span class='ocrx_word' id='word_1_190' title='bbox 1127 1616 1242 1643; x_wconf 87' lang='lat' dir='ltr'>v.117.</span> 
     </span>
     <span class='ocr_line' id='line_1_29' title="bbox 678 1653 1544 1699; baseline 0 -11"><span class='ocrx_word' id='word_1_191' title='bbox 678 1656 770 1689; x_wconf 87' lang='lat' dir='ltr'>Nunc</span> <span class='ocrx_word' id='word_1_192' title='bbox 787 1665 855 1688; x_wconf 89' lang='lat' dir='ltr'>cum</span> <span class='ocrx_word' id='word_1_193' title='bbox 868 1653 1006 1699; x_wconf 84' lang='lat' dir='ltr'>summus</span> <span class='ocrx_word' id='word_1_194' title='bbox 1023 1654 1181 1688; x_wconf 89' lang='lat' dir='ltr'><em>HONOS</em></span> <span class='ocrx_word' id='word_1_195' title='bbox 1195 1653 1285 1698; x_wconf 81' lang='lat' dir='ltr'>finito</span> <span class='ocrx_word' id='word_1_196' title='bbox 1302 1661 1448 1698; x_wconf 86' lang='lat' dir='ltr'>computet</span> <span class='ocrx_word' id='word_1_197' title='bbox 1465 1665 1544 1688; x_wconf 81' lang='lat' dir='ltr'>anno</span> 
     </span>
    </p>
   </div>
   <div class='ocr_carea' id='block_1_16' title="bbox 344 1700 1790 1901">
    <p class='ocr_par' dir='ltr' id='par_1_19' title="bbox 686 1700 1057 1747">
     <span class='ocr_line' id='line_1_30' title="bbox 686 1700 1057 1747; baseline -0.008 -10"><span class='ocrx_word' id='word_1_198' title='bbox 686 1703 828 1747; x_wconf 83' lang='lat' dir='ltr'>Sportula</span> <span class='ocrx_word' id='word_1_199' title='bbox 843 1702 914 1746; x_wconf 82' lang='lat' dir='ltr'>quid</span> <span class='ocrx_word' id='word_1_200' title='bbox 931 1700 1057 1745; x_wconf 82' lang='lat' dir='ltr'>referat.</span> 
     </span>
    </p>

    <p class='ocr_par' dir='ltr' id='par_1_20' title="bbox 344 1753 1790 1901">
     <span class='ocr_line' id='line_1_31' title="bbox 391 1753 1789 1804; baseline 0.001 -10"><span class='ocrx_word' id='word_1_201' title='bbox 391 1759 583 1794; x_wconf 62' lang='lat' dir='ltr'>Responsa</span> <span class='ocrx_word' id='word_1_202' title='bbox 610 1754 855 1802; x_wconf 73' lang='lat' dir='ltr'>PRVDENTvm]</span> <span class='ocrx_word' id='word_1_203' title='bbox 883 1755 999 1799; x_wconf 88' lang='lat' dir='ltr'>Initio,</span> <span class='ocrx_word' id='word_1_204' title='bbox 1021 1756 1075 1802; x_wconf 85' lang='lat' dir='ltr'>jus</span> <span class='ocrx_word' id='word_1_205' title='bbox 1092 1754 1202 1790; x_wconf 86' lang='lat' dir='ltr'>Civile</span> <span class='ocrx_word' id='word_1_206' title='bbox 1221 1753 1424 1803; x_wconf 77' lang='lat' dir='ltr'>professurus</span> <span class='ocrx_word' id='word_1_207' title='bbox 1440 1758 1653 1804; x_wconf 85' lang='lat' dir='ltr'>propriarum</span> <span class='ocrx_word' id='word_1_208' title='bbox 1667 1760 1789 1796; x_wconf 88' lang='lat' dir='ltr'>virium</span> 
     </span>
     <span class='ocr_line' id='line_1_32' title="bbox 345 1802 1790 1852; baseline 0 -10"><span class='ocrx_word' id='word_1_209' title='bbox 345 1804 555 1842; x_wconf 73' lang='lat' dir='ltr'>confidentia</span> <span class='ocrx_word' id='word_1_210' title='bbox 583 1803 710 1851; x_wconf 91' lang='lat' dir='ltr'>populo</span> <span class='ocrx_word' id='word_1_211' title='bbox 736 1802 769 1838; x_wconf 88' lang='lat' dir='ltr'>se</span> <span class='ocrx_word' id='word_1_212' title='bbox 795 1802 974 1851; x_wconf 64' lang='lat' dir='ltr'>praebebat.</span> <span class='ocrx_word' id='word_1_213' title='bbox 1026 1804 1159 1838; x_wconf 85' lang='lat' dir='ltr'>Primus</span> <span class='ocrx_word' id='word_1_214' title='bbox 1180 1803 1333 1849; x_wconf 84' lang='lat' dir='ltr'>Augustus</span> <span class='ocrx_word' id='word_1_215' title='bbox 1351 1803 1521 1851; x_wconf 87' lang='lat' dir='ltr'>publicam</span> <span class='ocrx_word' id='word_1_216' title='bbox 1545 1805 1790 1852; x_wconf 76' lang='lat' dir='ltr'>Iurisconsultis</span> 
     </span>
     <span class='ocr_line' id='line_1_33' title="bbox 344 1849 1789 1901; baseline 0.002 -15"><span class='ocrx_word' id='word_1_217' title='bbox 344 1852 466 1888; x_wconf 86' lang='lat' dir='ltr'>tribuit</span> <span class='ocrx_word' id='word_1_218' title='bbox 483 1853 744 1893; x_wconf 64' lang='lat' dir='ltr'>Audtoritatem,</span> <span class='ocrx_word' id='word_1_219' title='bbox 770 1861 808 1885; x_wconf 91' lang='lat' dir='ltr'>ut</span> <span class='ocrx_word' id='word_1_220' title='bbox 829 1863 1086 1887; x_wconf 76' lang='lat' dir='ltr'>RESPONDENDI</span> <span class='ocrx_word' id='word_1_221' title='bbox 1105 1849 1248 1886; x_wconf 76' lang='lat' dir='ltr'>facultas</span> <span class='ocrx_word' id='word_1_222' title='bbox 1265 1863 1333 1885; x_wconf 88' lang='lat' dir='ltr'>non</span> <span class='ocrx_word' id='word_1_223' title='bbox 1358 1851 1499 1900; x_wconf 77' lang='lat' dir='ltr'>amplius</span> <span class='ocrx_word' id='word_1_224' title='bbox 1517 1853 1535 1887; x_wconf 79' lang='grc' dir='ltr'>ὲ</span> <span class='ocrx_word' id='word_1_225' title='bbox 1558 1854 1690 1901; x_wconf 84' lang='lat' dir='ltr'>privato</span> <span class='ocrx_word' id='word_1_226' title='bbox 1706 1867 1789 1889; x_wconf 87' lang='lat' dir='ltr'>con·</span> 
     </span>
    </p>
   </div>
   <div class='ocr_carea' id='block_1_17' title="bbox 342 1897 1783 1993">
    <p class='ocr_par' dir='ltr' id='par_1_21' title="bbox 342 1897 1783 1993">
     <span class='ocr_line' id='line_1_34' title="bbox 342 1897 1121 1945; baseline -0.003 -10"><span class='ocrx_word' id='word_1_227' title='bbox 342 1899 433 1942; x_wconf 85' lang='lat' dir='ltr'>filio,</span> <span class='ocrx_word' id='word_1_228' title='bbox 459 1898 514 1935; x_wconf 93' lang='lat' dir='ltr'>sed</span> <span class='ocrx_word' id='word_1_229' title='bbox 532 1912 573 1935; x_wconf 86' lang='lat' dir='ltr'>ex</span> <span class='ocrx_word' id='word_1_230' title='bbox 591 1900 759 1945; x_wconf 82' lang='lat' dir='ltr'>Principis</span> <span class='ocrx_word' id='word_1_231' title='bbox 776 1897 943 1933; x_wconf 85' lang='lat' dir='ltr'>beneficio</span> <span class='ocrx_word' id='word_1_232' title='bbox 957 1898 1121 1945; x_wconf 88' lang='lat' dir='ltr'>prodiret.</span> 
     </span>
     <span class='ocr_line' id='line_1_35' title="bbox 388 1941 1783 1993; baseline 0.001 -11"><span class='ocrx_word' id='word_1_233' title='bbox 388 1950 495 1982; x_wconf 84' lang='lat' dir='ltr'>Mane</span> <span class='ocrx_word' id='word_1_234' title='bbox 515 1946 670 1993; x_wconf 72' lang='lat' dir='ltr'>quotidie</span> <span class='ocrx_word' id='word_1_235' title='bbox 692 1945 846 1981; x_wconf 85' lang='lat' dir='ltr'>Clientes</span> <span class='ocrx_word' id='word_1_236' title='bbox 864 1945 1074 1980; x_wconf 84' lang='lat' dir='ltr'>ventitabant</span> <span class='ocrx_word' id='word_1_237' title='bbox 1089 1945 1130 1980; x_wconf 91' lang='lat' dir='ltr'>ad</span> <span class='ocrx_word' id='word_1_238' title='bbox 1144 1944 1229 1980; x_wconf 81' lang='lat' dir='ltr'>aedes</span> <span class='ocrx_word' id='word_1_239' title='bbox 1243 1941 1581 1992; x_wconf 78' lang='lat' dir='ltr'>jurisconsultorum,</span> <span class='ocrx_word' id='word_1_240' title='bbox 1608 1950 1646 1983; x_wconf 92' lang='lat'>&amp;</span> <span class='ocrx_word' id='word_1_241' title='bbox 1664 1959 1783 1984; x_wconf 87' lang='lat' dir='ltr'>eorum</span> 
     </span>
    </p>
   </div>
   <div class='ocr_carea' id='block_1_18' title="bbox 337 1992 1784 2089">
    <p class='ocr_par' dir='ltr' id='par_1_22' title="bbox 337 1992 1784 2089">
     <span class='ocr_line' id='line_1_36' title="bbox 340 1992 1784 2042; baseline 0.001 -13"><span class='ocrx_word' id='word_1_242' title='bbox 340 1994 500 2030; x_wconf 84' lang='lat' dir='ltr'>vestibula</span> <span class='ocrx_word' id='word_1_243' title='bbox 518 1994 665 2029; x_wconf 59' lang='lat' dir='ltr'>maxim&amp;</span> <span class='ocrx_word' id='word_1_244' title='bbox 679 1993 808 2042; x_wconf 85' lang='lat' dir='ltr'>semper</span> <span class='ocrx_word' id='word_1_245' title='bbox 823 1992 1015 2040; x_wconf 63' lang='lat' dir='ltr'>frequentia</span> <span class='ocrx_word' id='word_1_246' title='bbox 1029 1994 1155 2028; x_wconf 88' lang='lat' dir='ltr'>civium</span> <span class='ocrx_word' id='word_1_247' title='bbox 1177 1992 1449 2037; x_wconf 80' lang='lat' dir='ltr'>celebrabantur,</span> <span class='ocrx_word' id='word_1_248' title='bbox 1474 2004 1511 2028; x_wconf 93' lang='lat' dir='ltr'>ut</span> <span class='ocrx_word' id='word_1_249' title='bbox 1526 2006 1592 2028; x_wconf 89' lang='lat' dir='ltr'>non</span> <span class='ocrx_word' id='word_1_250' title='bbox 1610 1996 1784 2031; x_wconf 77' lang='lat' dir='ltr'>immerito</span> 
     </span>
     <span class='ocr_line' id='line_1_37' title="bbox 337 2040 1781 2089; baseline 0.001 -12"><span class='ocrx_word' id='word_1_251' title='bbox 337 2041 574 2089; x_wconf 84' lang='lat' dir='ltr'>Jurisconsulti</span> <span class='ocrx_word' id='word_1_252' title='bbox 592 2043 724 2077; x_wconf 88' lang='lat' dir='ltr'>Domus</span> <span class='ocrx_word' id='word_1_253' title='bbox 740 2043 894 2077; x_wconf 87' lang='lat' dir='ltr'>oraculum</span> <span class='ocrx_word' id='word_1_254' title='bbox 909 2043 1054 2077; x_wconf 79' lang='lat' dir='ltr'>Civitatis</span> <span class='ocrx_word' id='word_1_255' title='bbox 1066 2040 1249 2077; x_wconf 85' lang='lat' dir='ltr'>videretur.</span> <span class='ocrx_word' id='word_1_256' title='bbox 1284 2041 1365 2089; x_wconf 83' lang='lat' dir='ltr'>Qo</span> <span class='ocrx_word' id='word_1_257' title='bbox 1384 2042 1554 2088; x_wconf 90' lang='lat' dir='ltr'>pertinent</span> <span class='ocrx_word' id='word_1_258' title='bbox 1572 2041 1630 2077; x_wconf 89' lang='lat' dir='ltr'>illa</span> <span class='ocrx_word' id='word_1_259' title='bbox 1643 2043 1781 2078; x_wconf 85' lang='lat' dir='ltr'>Horatii</span> 
     </span>
    </p>
   </div>
   <div class='ocr_carea' id='block_1_19' title="bbox 340 2091 612 2131">
    <p class='ocr_par' dir='ltr' id='par_1_23' title="bbox 340 2091 612 2131">
     <span class='ocr_line' id='line_1_38' title="bbox 340 2091 612 2131; baseline -0.007 -7"><span class='ocrx_word' id='word_1_260' title='bbox 340 2091 409 2124; x_wconf 86' lang='lat' dir='ltr'>Ser.</span> <span class='ocrx_word' id='word_1_261' title='bbox 425 2091 452 2126; x_wconf 91' lang='grc' dir='ltr'>Ι.</span> <span class='ocrx_word' id='word_1_262' title='bbox 473 2103 505 2127; x_wconf 88' lang='lat'>1.</span> <span class='ocrx_word' id='word_1_263' title='bbox 528 2101 559 2125; x_wconf 90' lang='lat' dir='ltr'>v.</span> <span class='ocrx_word' id='word_1_264' title='bbox 580 2101 612 2131; x_wconf 91' lang='lat'>9.</span> 
     </span>
    </p>
   </div>
   <div class='ocr_carea' id='block_1_20' title="bbox 1065 1721 1194 1728">
    <p class='ocr_par' dir='ltr' id='par_1_24' title="bbox 1065 1721 1194 1728">
     <span class='ocr_line' id='line_1_39' title="bbox 1065 1721 1194 1728; baseline 0 1084"><span class='ocrx_word' id='word_1_265' title='bbox 1065 1721 1194 1728; x_wconf 95' lang='lat' dir='ltr'> </span> 
     </span>
    </p>
   </div>
   <div class='ocr_carea' id='block_1_21' title="bbox 673 2135 1529 2231">
    <p class='ocr_par' dir='ltr' id='par_1_25' title="bbox 673 2135 1529 2231">
     <span class='ocr_line' id='line_1_40' title="bbox 673 2135 1411 2182; baseline 0.001 -13"><span class='ocrx_word' id='word_1_266' title='bbox 673 2136 850 2182; x_wconf 80' lang='lat' dir='ltr'>Agricolam</span> <span class='ocrx_word' id='word_1_267' title='bbox 868 2137 976 2171; x_wconf 76' lang='lat' dir='ltr'>laudat</span> <span class='ocrx_word' id='word_1_268' title='bbox 994 2135 1088 2182; x_wconf 69' lang='lat' dir='ltr'>Juris,</span> <span class='ocrx_word' id='word_1_269' title='bbox 1114 2138 1270 2182; x_wconf 86' lang='lat' dir='ltr'>legumque</span> <span class='ocrx_word' id='word_1_270' title='bbox 1281 2137 1411 2181; x_wconf 79' lang='lat' dir='ltr'>peritus,</span> 
     </span>
     <span class='ocr_line' id='line_1_41' title="bbox 677 2184 1529 2231; baseline 0.001 -14"><span class='ocrx_word' id='word_1_271' title='bbox 677 2186 738 2219; x_wconf 84' lang='lat' dir='ltr'>Sub</span> <span class='ocrx_word' id='word_1_272' title='bbox 752 2186 837 2220; x_wconf 79' lang='lat' dir='ltr'>Galli</span> <span class='ocrx_word' id='word_1_273' title='bbox 855 2194 978 2220; x_wconf 83' lang='lat' dir='ltr'>cantum</span> <span class='ocrx_word' id='word_1_274' title='bbox 994 2184 1255 2220; x_wconf 82' lang='lat' dir='ltr'><em>CONSVLTOR</em></span> <span class='ocrx_word' id='word_1_275' title='bbox 1273 2186 1321 2219; x_wconf 80' lang='lat' dir='ltr'>ubi</span> <span class='ocrx_word' id='word_1_276' title='bbox 1336 2184 1405 2231; x_wconf 77' lang='lat' dir='ltr'>ostia</span> <span class='ocrx_word' id='word_1_277' title='bbox 1417 2184 1529 2230; x_wconf 84' lang='lat' dir='ltr'>pulsat.</span> 
     </span>
    </p>
   </div>
   <div class='ocr_carea' id='block_1_22' title="bbox 336 2232 1370 2324">
    <p class='ocr_par' dir='ltr' id='par_1_26' title="bbox 336 2232 1370 2324">
     <span class='ocr_line' id='line_1_42' title="bbox 336 2232 765 2280; baseline -0.002 -13"><span class='ocrx_word' id='word_1_278' title='bbox 336 2232 380 2267; x_wconf 87' lang='lat' dir='ltr'>Et</span> <span class='ocrx_word' id='word_1_279' title='bbox 397 2232 499 2280; x_wconf 90' lang='lat' dir='ltr'>Epist.</span> <span class='ocrx_word' id='word_1_280' title='bbox 517 2232 562 2267; x_wconf 92' lang='lat'>11.</span> <span class='ocrx_word' id='word_1_281' title='bbox 584 2242 615 2267; x_wconf 87' lang='lat'>1.</span> <span class='ocrx_word' id='word_1_282' title='bbox 642 2243 675 2267; x_wconf 86' lang='lat' dir='ltr'>v.</span> <span class='ocrx_word' id='word_1_283' title='bbox 689 2243 765 2278; x_wconf 88' lang='lat'><em>103.</em></span> 
     </span>
     <span class='ocr_line' id='line_1_43' title="bbox 673 2277 1370 2324; baseline -0.001 -10"><span class='ocrx_word' id='word_1_284' title='bbox 673 2280 770 2315; x_wconf 76' lang='lat' dir='ltr'>Romae</span> <span class='ocrx_word' id='word_1_285' title='bbox 792 2281 877 2316; x_wconf 85' lang='lat' dir='ltr'>dulce</span> <span class='ocrx_word' id='word_1_286' title='bbox 896 2280 947 2314; x_wconf 81' lang='lat' dir='ltr'>diu</span> <span class='ocrx_word' id='word_1_287' title='bbox 964 2277 1043 2323; x_wconf 86' lang='lat' dir='ltr'>fuit,</span> <span class='ocrx_word' id='word_1_288' title='bbox 1069 2277 1235 2322; x_wconf 74' lang='lat' dir='ltr'>&amp;solenne</span> <span class='ocrx_word' id='word_1_289' title='bbox 1252 2278 1370 2324; x_wconf 81' lang='lat' dir='ltr'>reclusa</span> 
     </span>
    </p>
   </div>
   <div class='ocr_carea' id='block_1_23' title="bbox 337 2327 1771 2458">
    <p class='ocr_par' dir='ltr' id='par_1_27' title="bbox 337 2327 1771 2458">
     <span class='ocr_line' id='line_1_44' title="bbox 673 2327 1413 2374; baseline 0.001 -12"><span class='ocrx_word' id='word_1_290' title='bbox 673 2328 775 2363; x_wconf 87' lang='lat' dir='ltr'>Mane</span> <span class='ocrx_word' id='word_1_291' title='bbox 790 2329 870 2365; x_wconf 82' lang='lat' dir='ltr'>domo</span> <span class='ocrx_word' id='word_1_292' title='bbox 887 2328 1029 2374; x_wconf 76' lang='lat' dir='ltr'>vigilare,</span> <span class='ocrx_word' id='word_1_293' title='bbox 1054 2327 1168 2363; x_wconf 79' lang='lat' dir='ltr'>clienti</span> <span class='ocrx_word' id='word_1_294' title='bbox 1180 2336 1313 2372; x_wconf 78' lang='lat' dir='ltr'>promere</span> <span class='ocrx_word' id='word_1_295' title='bbox 1327 2329 1413 2370; x_wconf 85' lang='lat' dir='ltr'>jura.</span> 
     </span>
     <span class='ocr_line' id='line_1_45' title="bbox 337 2373 1771 2458; baseline -0.002 -49"><span class='ocrx_word' id='word_1_296' title='bbox 337 2374 382 2409; x_wconf 79' lang='lat' dir='ltr'>Et</span> <span class='ocrx_word' id='word_1_297' title='bbox 401 2374 503 2420; x_wconf 76' lang='lat' dir='ltr'>Epist.</span> <span class='ocrx_word' id='word_1_298' title='bbox 523 2373 640 2413; x_wconf 85' lang='lat' dir='ltr'>Lib.1.</span> <span class='ocrx_word' id='word_1_299' title='bbox 660 2376 760 2423; x_wconf 79' lang='lat' dir='ltr'>Ep.3.</span> <span class='ocrx_word' id='word_1_300' title='bbox 1706 2423 1771 2458; x_wconf 63' lang='lat' dir='ltr'>sm</span> 
     </span>
    </p>
   </div>
  </div>
 </body>
</html>
