2059 2812
636 131 749 185 Lib.
788 131 879 184 III.
952 131 1049 186 Tit.
1090 133 1129 184 I.
1511 153 1605 198 151

233 250 275 286 4.
302 234 457 276 Idcirco
474 232 607 287 primo
626 231 802 273 haeredes
815 240 929 272 erant
944 229 1071 272 Liberi
1081 231 1160 285 sui,
1188 245 1278 272 cum
1297 231 1496 272 naturales
1524 245 1610 276 tum

177 295 373 350 adoptivi,
385 299 420 335 &
437 293 611 346 proximi
625 292 786 345 quidem
799 292 927 346 gradu
940 293 980 332 in
995 294 1133 347 capita,
1149 293 1388 335 remotiores
1401 294 1441 334 in
1447 294 1585 350 stirpes
1600 317 1613 348 3

177 397 229 434 Ad
249 408 322 444 quae
340 395 439 430 verba
457 394 606 442 adposite
621 394 927 430 Donatus.——Hic
952 393 1003 439 jus
1023 394 1175 428 traE’cavit
1198 393 1355 438 dicendo,
1382 409 1609 441 REDIERVNT,

176 446 255 492 quia
273 446 307 477 in
326 441 490 477 familiam
509 442 661 484 redeunt,
684 442 707 475 fi
724 453 788 475 non
807 440 852 475 est
869 440 972 474 haeres
989 440 1031 474 de
1050 442 1218 486 proxime,
1245 451 1301 475 aut
1319 455 1361 476 ex
1375 444 1582 479 testamento.

223 493 458 525 Romanorum
477 489 593 523 multae
608 497 702 523 crant
721 498 843 533 gentes,
869 488 1021 521 Patriciae
1040 489 1177 534 partim,
1202 490 1323 532 partim
1340 489 1488 534 plebeiae.
1538 493 1612 526 Sin-

176 538 263 582 gulae
280 547 398 582 gentes
414 536 606 571 nominibus
623 535 688 569 suis
706 533 1004 578 distinguebantur,
1031 538 1067 569 δε
1086 534 1163 568 hinc
1185 545 1263 578 gens
1289 535 1352 569 alia
1369 536 1458 570 dieta
1476 537 1522 570 est
1537 542 1610 572 Cor-

175 587 270 627 nelia,
296 584 361 619 alia
376 585 561 629 Sempronia,
585 582 648 617 alia
664 582 777 624 Tullia,
802 581 866 615 alia
880 583 998 623 Cincia‚
1026 585 1064 616 δε
1083 580 1126 615 fic
1143 593 1256 627 porro.
1309 582 1608 628 Qemadmodum

175 644 252 666 vero
279 631 351 665 fieri
380 630 475 672 solet,
502 640 540 664 ut
560 641 641 673 gens
667 641 731 662 una
759 630 792 662 in
816 630 921 663 varias
947 629 1076 674 stirpes,
1099 640 1138 662 ac
1165 626 1310 663 familias
1331 630 1452 664 abeat:
1491 632 1538 665 ita
1568 635 1606 666 δε

173 681 293 714 Romae
321 679 417 711 unius
446 678 556 721 gentis
580 674 808 723 pluresfuere
825 674 973 718 familiae,
1008 687 1081 720 quae
1112 676 1244 719 &ipsae
1271 676 1528 720 cognominibus
1547 677 1610 712 suis

175 725 461 760 discernebantur.
513 724 566 758 Sic
584 725 603 756 ὲ
623 724 759 758 Cornelia
777 733 876 765 gente
896 730 981 755 natae
1002 722 1074 756 sunt
1099 720 1233 756 familiae
1251 725 1433 768 Scipionum,
1461 726 1608 760 Lentulo-

174 785 254 814 rum,
278 774 439 812 Sullarum,
466 772 645 811 Cinnarum,
671 769 825 812 Cossorum,
851 769 1094 803 Dolabellarum.
1147 770 1304 815 Denique
1322 782 1425 816 quum
1455 775 1490 806 &
1511 770 1610 806 fami-

174 819 228 854 11ae
244 819 355 853 denuo
369 819 402 851 in
422 828 520 851 novas
536 817 647 861 stirpes
664 814 824 859 abierint,
842 814 966 850 factum
983 815 1040 858 est,
1066 816 1150 862 uti&
1169 816 1218 850 hae
1237 820 1445 861 agnominibus
1458 816 1609 853 secerne-

173 876 301 900 rentur.
353 865 407 898 Sic
426 875 504 907 gens
521 865 656 907 Virginia
672 863 705 896 in
726 862 834 909 plures
851 861 993 897 familias
1011 861 1107 904 abiit,
1134 863 1213 897 hinc
1239 866 1441 907 cognomina
1468 865 1610 911 Tricosto<

173 924 254 955 rum,
281 909 435 954 Rufforum
450 914 518 945 &c.
571 910 701 955 Tricostie
718 911 841 943 iterum
858 911 891 943 in
911 908 1056 944 diversas
1072 910 1184 956 stirpes
1199 910 1323 954 divifis,
1349 922 1424 946 nata
1439 911 1515 945 inde
1532 911 1608 946 lunt

172 959 352 1003 agnomina
370 959 550 999 Rutilorum,
578 960 613 991 δε
629 959 916 991 Coelimontaszorum.
970 958 1012 989 Et
1031 956 1109 990 inde
1132 957 1188 998 est',
1215 958 1306 1002 quod
1325 960 1469 993 Romani
1490 969 1544 992 tot
1562 958 1608 993 ufi

172 1005 234 1040 smt
249 1003 461 1045 nominibus;
487 1016 632 1051 quorum
649 1005 808 1051 primum,
826 1002 918 1050 quod
937 1002 1082 1049 personae
1101 1005 1271 1050 proprium
1285 1015 1358 1038 erat
1374 1018 1607 1047 PRAENOMEN3

171 1051 370 1093 secundum,
398 1049 494 1097 quod
513 1050 670 1084 universae
688 1051 781 1094 genti
803 1062 994 1092 commune,
1021 1062 1180 1093 NOMEN3
1216 1053 1366 1094 tertium,
1393 1052 1486 1098 quod
1513 1052 1610 1086 fami-

170 1101 250 1134 liam
269 1111 310 1132 ex
328 1110 365 1132 ea
382 1107 481 1141 gente
497 1097 647 1140 notabat,
672 1109 876 1132 coenoman
898 1114 908 1138 ς
946 1102 982 1132 ὃ(
1002 1108 1157 1143 quartum
1175 1096 1335 1143 denique,
1363 1099 1458 1145 quod
1473 1100 1608 1147 stirpem

173 1147 374 1194 plerumque
402 1145 474 1190 ejus
504 1143 650 1185 familiae,
676 1143 728 1178 vel
754 1143 902 1189 aliquam
923 1156 990 1176 rem
1019 1144 1152 1186 gestam,
1179 1146 1230 1179 vel
1261 1146 1391 1187 statum,
1418 1145 1610 1180 habitumve

173 1193 341 1239 corporis,
376 1200 434 1224 aut
460 1192 565 1225 animi
594 1189 779 1230 indicabat,
806 1201 986 1224 AGNOMEN
1018 1189 1207 1226 dlecbatur.
1259 1192 1314 1225 Sic
1341 1193 1374 1225 in
1398 1194 1543 1227 nomine.
1573 1207 1608 1227 A.

174 1250 379 1276 vmcxmvs
414 1249 618 1272 TRICOSTVS
653 1249 968 1277 CAELIMONTANVS,
996 1238 1094 1270 Aulus
1125 1247 1197 1271 erat
1222 1240 1389 1273 Prenomen
1425 1239 1503 1273 huic
1534 1240 1608 1273 viro

174 1287 347 1335 proprium
364 1296 370 1317 z
396 1285 538 1329 Virginius
556 1295 659 1318 nomen
676 1282 895 1326 gentilitium.
948 1283 1120 1317 Tricostus
1138 1296 1305 1328 cognomen,
1334 1284 1497 1319 familiam
1513 1285 1608 1319 illam

174 1334 283 1377 gentis
299 1332 448 1375 Virginiae,
475 1342 514 1364 ex
533 1342 599 1375 qua
617 1331 713 1364 Aulus
732 1330 788 1363 iste
808 1329 992 1376 prodierat,
1009 1328 1201 1373 defignans:
1226 1330 1373 1378 denique
1392 1332 1611 1366 Caelimonta-

174 1393 235 1414 nus
252 1382 422 1423 Agnomen,
450 1375 542 1423 quod
560 1387 687 1411 certam
715 1376 805 1410 illius
836 1375 973 1410 familiae
992 1376 1125 1421 stirpem
1153 1376 1348 1411 denotabat.
1401 1379 1609 1425 Qicunque

171 1440 213 1461 ex
243 1425 359 1460 eadem
390 1424 489 1470 stirpe
515 1423 713 1469 familiaque
743 1422 951 1468 prodierant,
970 1423 1175 1457 vocabantur
1195 1437 1345 1459 AGNATI.
1398 1427 1452 1460 Sic
1473 1427 1507 1460 P.
1525 1427 1611 1460 Cor·

173 1474 265 1508 nelio
282 1472 431 1518 Scipioni
449 1483 567 1504 omnes
586 1471 757 1517 Scipiones
778 1479 873 1503 erant
890 1481 1029 1504 AGNATI
1048 1486 1057 1510 ;
1094 1471 1303 1517 Qicunque
1323 1483 1401 1506 vero
1420 1485 1460 1506 ex
1489 1472 1609 1506 cadem

173 1521 312 1554 Cornelia
330 1527 429 1561 gente
445 1516 699 1558 descenderant,
725 1516 829 1550 veluti
846 1518 985 1559 Lentuli,
1010 1519 1094 1561 Cossi,
1118 1519 1226 1559 Cinnae,
1250 1520 1348 1559 Sullae,
1374 1521 1548 1562 Dolabella,
1575 1521 1608 1553 ei

173 1578 267 1604 erant
283 1576 478 1601 Gen-rufis.
530 1566 620 1598 Hinc
635 1565 709 1598 Cic.
737 1565 771 1597 in
787 1564 911 1610 Topic.
929 1576 982 1598 VI.
1036 1566 1178 1598 Gentiles
1188 1565 1276 1610 sunt,
1302 1567 1354 1610 qui
1383 1568 1460 1599 inter
1475 1566 1509 1610 se
1531 1567 1610 1611 ejus-

173 1617 240 1648 siem
257 1614 378 1647 nominis
388 1610 472 1656 sunt,
498 1614 549 1657 qui
568 1614 604 1646 ab
622 1612 758 1655 ingenuis
774 1611 889 1644 oriundi
901 1610 982 1654 sunt,
1010 1623 1131 1657 quorum
1157 1614 1305 1654 majorum
1337 1625 1419 1646 nemo
1432 1612 1609 1655 servitutem

166 1661 303 1707 samarit,
328 1661 380 1704 qui
397 1660 494 1702 capite
511 1671 566 1692 non
582 1659 650 1700 sunt
666 1657 1002 1701 deminuti—Qod
1021 1670 1103 1692 vero
1120 1658 1244 1692 Cicero
1263 1658 1373 1699 addit,
1399 1662 1452 1704 qui
1469 1660 1506 1694 ab
1523 1661 1609 1704 inge-

173 1711 238 1743 nuis
268 1707 382 1741 oriundi
405 1705 490 1749 sunt,
516 1717 637 1750 quorum
665 1707 810 1747 majorum
839 1716 923 1738 nemo
944 1703 1122 1748 servitutem
1142 1704 1282 1749 servivit,
1308 1704 1386 1739 inde
1405 1706 1530 1740 faenum
1550 1706 1612 1750 est,

175 1753 269 1801 quod
288 1758 323 1788 &
340 1751 454 1787 liberti
470 1753 692 1786 Patronorum
710 1752 847 1785 nomina
866 1749 1098 1794 adsmnebant,
1125 1754 1182 1798 qui
1201 1763 1316 1786 tamen
1334 1750 1414 1786 ideo
1434 1765 1499 1786 non
1519 1763 1612 1787 erant

168 1803 315 1846 gentiles.
370 1799 424 1832 Sic
440 1801 475 1833 P.
492 1798 648 1833 Terentius
660 1798 739 1842 Afer
756 1810 820 1832 non
835 1797 900 1832 fuit
916 1799 1118 1833 Terentiorum
1134 1800 1284 1842 gentilis,
1309 1800 1388 1845 quia
1404 1803 1438 1834 &
1457 1797 1523 1846 ipse
1543 1812 1610 1834 non

175 1858 246 1882 erat
264 1848 450 1890 ingenuus;
476 1845 763 1892 quemadmodum
779 1848 814 1879 &
829 1847 899 1880 Tiro
913 1858 980 1879 non
997 1845 1076 1879 ideo
1094 1858 1163 1880 erat
1181 1847 1236 1880 M.
1249 1847 1340 1881 Tullii
1357 1857 1507 1890 agnatuS,
1530 1847 1613 1893 quia

175 1899 212 1930 ὅ(
230 1893 298 1941 ipse
316 1895 467 1927 Ciceronis
485 1904 675 1936 cognomen
693 1891 931 1937 adsumpserat.
986 1895 1144 1939 Denique
1159 1893 1283 1927 Cicero
1298 1892 1404 1927 addit.
1458 1892 1614 1928 Gentiles

175 1954 240 1975 non
259 1939 382 1975 debere
401 1938 464 1973 effe
482 1942 580 1984 capite
597 1941 784 1982 deminutos;
811 1939 940 1986 Capitis
957 1941 1046 1974 enim
1064 1941 1265 1975 Deminutio
1282 1942 1383 1974 etiam
1403 1941 1541 1974 minima
1560 1938 1611 1975 fa-

175 1988 275 2022 miliae
302 1988 376 2032 jura
402 1986 761 2033 perimebat.—-Cic.
781 1986 824 2020 de
840 1988 939 2020 Orat.
954 1985 1031 2021 Lib.
1049 1988 1074 2021 I.
1096 1992 1173 2024 176.
1296 1988 1402 2036 Qui,
1429 1985 1490 2031 qud
1517 1987 1553 2021 cle
1579 1999 1612 2022 re

177 2037 255 2069 inter
271 2035 436 2068 Marcellos
464 2032 501 2068 ὅθ’
528 2036 669 2069 Claudios
683 2036 834 2069 Patricios
853 2035 1040 2069 Centumviri
1061 2035 1264 2076 judicarunt?
1301 2038 1378 2069 Cum
1397 2035 1543 2068 ΜαγιεΙΙὶ
1572 2036 1610 2068 ab

177 2083 272 2116 liberti
282 2082 346 2126 filio
371 2081 564 2116 STIRPE
578 2097 589 2122 3
617 2082 741 2115 Claudii
759 2082 887 2117 Patricii
904 2082 1034 2124 ejusdem
1050 2082 1173 2115 nominis
1191 2083 1392 2116 hereditatem
1418 2082 1451 2116 G
1463 2082 1492 2115 E
1503 2082 1610 2115 NTE

178 2129 261 2173 adse
277 2129 389 2172 rediiſje
406 2129 536 2162 dicerent
548 2145 559 2171 5
586 2141 679 2163 nonne
696 2131 726 2163 in
744 2141 780 2162 ea
797 2129 888 2173 causa
900 2127 965 2172 fuit
985 2129 1148 2163 oratoribus
1165 2129 1199 2164 de
1215 2138 1273 2164 toto
1289 2129 1407 2175 stirpis,
1434 2140 1470 2162 ac
1479 2129 1610 2173 gentili-

177 2177 253 2209 tatis
263 2177 332 2216 jure
348 2176 499 2210 dicendum
515 2180 528 2210 ἓ

227 2230 374 2263 Proximi
403 2228 542 2275 quidem
564 2229 668 2273 gradu
688 2231 721 2264 in
738 2232 851 2275 capita,
876 2231 1077 2265 remotiores
1095 2231 1128 2264 in
1139 2230 1244 2277 stirpes
1259 2230 1296 2277 ;]
1335 2227 1444 2264 Semel
1462 2224 1609 2261 notanda

177 2273 254 2309 sunt
272 2276 340 2310 haec
356 2276 439 2322 juris
453 2276 621 2311 vocabula.
672 2280 709 2312 In
731 2279 833 2322 capita
850 2275 1056 2320 succeditur,
1082 2277 1142 2312 u'bi
1158 2277 1338 2313 secundum
1352 2286 1527 2310 numerum
1544 2273 1610 2306 hae-

175 2321 297 2359 redum
327 2322 502 2358 haereditas
531 2325 662 2360 viritim
691 2323 917 2360 distribuitur.
969 2327 1004 2361 In
1028 2325 1146 2372 stirpes,
1185 2323 1242 2360 ubi
1272 2322 1377 2367 gradu
1410 2321 1609 2402 renzogiores

1477 2381 1497 2401 u
1525 2377 1611 2423 eunt
