2059 2812
382 153 452 206 ¹1³0
784 146 1048 199 Elementa
1079 145 1224 214 Juris
1255 147 1424 201 Civilis

380 247 507 294 veluti
521 243 831 294 Atheniensium,
858 259 948 286 nam
966 245 994 287 fi
1013 246 1102 299 quis
1120 246 1222 286 velit
1241 246 1396 286 Solonis
1414 247 1480 288 vel
1498 248 1700 289 Draconis
1721 248 1825 302 leges

383 313 585 370 appellare
606 313 661 366 jus
681 309 802 350 civile
819 309 1131 358 Atheniensium,
1161 325 1241 350 non
1261 312 1479 364 erraverit3
1509 312 1556 354 fic
1575 313 1682 353 enim
1700 319 1734 355 ὅ(
1753 313 1828 367 jus,

382 391 466 431 quo
482 378 686 416 Romanus
703 373 873 428 populus
887 375 1033 423 utitur,
1060 375 1118 428 jus
1137 373 1256 414 civile
1275 377 1552 417 Romanorum
1571 376 1824 430 appellamuS.

383 437 462 479 Sed
492 438 650 491 quoties
682 450 763 476 non
789 435 970 476 addimus
1001 451 1162 486 nomen,
1190 438 1297 492 cujus
1316 436 1360 477 fit
1381 437 1570 487 civitatis,
1598 439 1656 492 jus
1675 441 1827 480 Roma-

383 513 479 541 num
495 499 779 554 fignificamus;
809 497 919 539 ficuti
944 514 1033 542 cum
1059 501 1225 539 Poetam
1253 499 1433 550 dicimus,
1461 515 1535 541 nec
1554 501 1733 542 addimus
1755 515 1827 540 no-

381 578 490 615 men,
523 564 756 606 subauditur
781 563 886 617 apud
912 566 1079 605 Graecos
1105 567 1320 615 Homerus,
1360 565 1466 620 apud
1499 568 1707 608 Romanos
1734 568 1825 610 Vir·

381 629 517 684 gilius.

438 709 474 740 7.
505 692 653 744 Estque
672 690 736 731 vel
755 704 990 740 sonim-VM,
1017 690 1083 730 vel
1102 705 1198 732 NON
1218 705 1451 734 semri-VM.

431 759 468 796 8.
496 757 724 796 ScmpTvM
743 756 813 805 est,
840 753 952 807 quod
970 754 1147 807 expreffa
1161 755 1417 810 Legissatoris
1439 755 1644 797 voluntate
1659 758 1823 805 constat,

378 818 488 872 quod
529 819 690 874 quidem
728 820 904 860 Romani
936 819 1171 872 plerumque
1203 819 1378 861 scribere
1406 820 1610 871 solebant,
1648 821 1745 862 licet
1775 820 1825 861 ad

378 881 633 924 substantiam
655 883 752 938 legis
771 898 851 924 non
872 883 1071 937 pertineat
1085 884 1302 938 Scriptura.

434 961 471 994 9.
502 949 703 1002 Scriptum
732 958 866 988 autem
894 942 1203 1001 jus'Romanum
1232 949 1302 997 est,
1331 953 1430 998 Lex,
1459 949 1731 998 Plebiscitum,
1761 952 1825 989 Se-

379 1009 736 1060 natusconsultum,
766 1011 996 1064 Principum
1016 1008 1179 1061 placita,
1207 1012 1430 1051 Praetorum
1443 1010 1601 1059 Edicta,
1620 1010 1825 1064 Responsa

376 1075 634 1116 Prudentum.
1018 1087 1023 1092 ’

433 1154 495 1180 10.
527 1145 616 1182 Lex
636 1140 690 1180 est
708 1138 782 1192 jus,
808 1137 917 1191 quod
935 1136 1112 1189 Populus
1130 1138 1339 1176 Romanus
1354 1136 1564 1176 Senatorio
1584 1138 1824 1191 Magistratu

373 1203 668 1255 interrogante,
708 1202 834 1241 veluti
864 1199 1052 1247 Consule,
1094 1196 1371 1238 constituebat.
1440 1201 1524 1238 Lex
1561 1210 1660 1237 vero
1696 1199 1824 1240 minus

375 1264 511 1306 stridite
535 1275 694 1318 accepta
715 1263 926 1304 definiatur
941 1265 1146 1310 Decretum,
1175 1274 1242 1312 quo
1258 1259 1428 1312 Superior
1434 1258 1505 1311 fibi
1516 1259 1715 1315 subjeblum
1733 1262 1823 1304 obli.

421 1375 483 1420 Jus
507 1375 699 1407 Romanum
728 1369 979 1416 significamus]
1019 1370 1071 1405 De
1096 1370 1247 1403 Romani
1273 1369 1356 1415 juris
1386 1368 1586 1404 excellenti-21
1613 1369 1741 1405 diss‘erit
1766 1375 1817 1408 M.

372 1420 503 1455 Tullius
520 1422 553 1455 in
573 1420 712 1467 persona
729 1418 841 1454 Craffi.
863 1418 976 1453 Lib.1.
995 1416 1037 1450 de
1055 1418 1155 1451 Orat.
1174 1429 1246 1463 cap.
1260 1429 1315 1463 43.
1335 1421 1370 1452 &
1389 1416 1457 1463 seq.
1511 1417 1627 1452 Hodie
1645 1419 1695 1465 jus
1710 1419 1821 1456 Civile

373 1469 608 1503 Romanorum
628 1466 718 1514 quafi
736 1468 890 1511 gentium
911 1463 1083 1512 quoddam
1111 1465 1165 1511 jus
1188 1475 1368 1498 commune
1386 1463 1474 1511 apud
1492 1473 1602 1498 totam
1618 1464 1689 1499 fere
1713 1469 1820 1501 Euro-

372 1527 449 1563 pam
472 1515 679 1558 observatur,
705 1517 827 1561 utique
857 1514 892 1547 in
919 1511 1042 1560 quibus
1063 1511 1165 1546 caufis
1192 1512 1336 1559 propriae
1360 1510 1451 1556 leges
1476 1520 1535 1545 aut
1561 1512 1820 1550 consuetudines

372 1563 550 1599 deficiunt.

422 1617 518 1652 Lex
547 1618 592 1653 est
616 1616 686 1664 jus]
724 1618 797 1651 Lex
812 1616 991 1658 Romanis,
1017 1613 1122 1648 liber-5
1146 1612 1256 1648 adhuc
1274 1612 1477 1661 Republica,
1494 1613 1688 1657 vocabatur,
1716 1628 1817 1662 quam

373 1665 521 1712 Populus
540 1668 713 1701 Romanus
727 1663 895 1711 superiore
910 1662 1107 1707 Magistratu
1123 1671 1262 1704 rogante
1277 1660 1509 1695 constituebat.
1562 1661 1732 1708 Ejusmodi
1750 1677 1818 1698 ma-

371 1714 525 1757 gistratus
541 1713 740 1760 superiores,
765 1711 885 1758 quibus
903 1723 978 1745 cum
995 1709 1120 1756 populo
1136 1708 1259 1752 agendi
1280 1709 1333 1755 jus
1353 1707 1447 1751 esset,
1474 1717 1594 1755 prseter
1612 1711 1735 1753 Reges,
1760 1713 1818 1745 In-

372 1761 534 1805 terreges‚
563 1761 766 1802 Diestatores,
795 1757 971 1801 Consules,
998 1767 1094 1791 erant
1105 1755 1255 1791 Tribuni
1284 1756 1430 1790 militum
1450 1755 1615 1790 consulari
1640 1758 1815 1803 potestate,

372 1808 550 1852 Censores,
571 1810 740 1843 Praetores.
793 1805 844 1841 Ab
860 1806 912 1840 his
926 1817 1006 1850 ergo
1023 1803 1274 1849 Magistratibus
1292 1805 1374 1846 Lex,
1405 1802 1426 1837 fi
1445 1804 1511 1850 qu&
1528 1815 1609 1850 opus
1631 1803 1815 1849 videretur,

371 1857 482 1901 primo
499 1855 595 1890 domi
619 1867 823 1891 scmssENDA
849 1863 930 1888 erat.
984 1852 1091 1897 Qod
1112 1851 1214 1887 fiebat
1239 1850 1402 1886 adhibitis
1426 1853 1506 1885 viris
1532 1851 1754 1897 prudentibus
1776 1857 1812 1889 ὃς

373 1903 579 1947 neceffariis,
604 1915 682 1937 cum
698 1902 820 1949 quibus
838 1899 1029 1949 expendere
1048 1898 1210 1942 solebant,
1233 1911 1275 1933 an
1292 1901 1364 1933 Lex
1378 1898 1459 1933 esset
1476 1910 1494 1932 e
1516 1898 1718 1946 Republica,
1744 1914 1814 1935 ma-

367 1950 552 1998 jorumque
570 1951 720 1986 moribus
737 1951 947 1984 conveniret.
975 1946 1080 1982 Unde
1098 1947 1297 1995 plerumque
1314 1944 1429 1980 addita
1448 1944 1638 1992 hujusmodi
1655 1946 1812 1993 formula,

374 2009 411 2032 81
440 2011 532 2042 qvm
563 2010 622 2033 1vs
644 2011 720 2034 NON
742 2009 833 2032 err
862 2008 1018 2038 nocam,
1046 2008 1129 2031 E1vs
1149 2007 1220 2031 unc
1238 2007 1328 2030 LEGE
1355 2006 1467 2030 mnu.
1495 2005 1598 2029 essm-
1622 2007 1811 2031 noca-svm.

371 2045 505 2092 Scripta
516 2048 589 2080 Lex
606 2043 915 2080 communicabatur
931 2055 1006 2078 cum
1015 2044 1151 2087 Senatu,
1184 2042 1249 2077 fine
1265 2043 1359 2089 cujus
1376 2042 1572 2076 auctoritate
1590 2055 1665 2076 cum
1685 2044 1812 2089 populo

372 2104 470 2136 agere
484 2093 575 2128 nefas
591 2092 784 2128 habebatur.
818 2094 906 2126 Hinc
922 2103 1021 2139 porto
1038 2091 1124 2136 legis
1138 2090 1338 2138 sequebatur
1352 2101 1622 2126 PROMVLGATIO
1637 2118 1646 2131 ‚
1673 2090 1811 2125 Publice

371 2141 464 2175 enim
492 2143 563 2175 Lex
589 2140 854 2188 proponebatur,
881 2150 919 2174 ut
946 2138 1094 2186 quilibet
1118 2152 1136 2174 e
1162 2138 1290 2186 populo
1311 2150 1382 2172 eam
1402 2138 1525 2182 legere,
1550 2137 1753 2183 expendere,
1777 2138 1812 2174 &

372 2187 556 2222 ferendane
578 2187 671 2231 esset,
696 2201 736 2223 an
754 2187 961 2235 antiquanda
979 2186 1087 2221 secum
1111 2187 1249 2221 statuere
1271 2186 1391 2233 pollet.
1443 2185 1592 2232 Spatium
1616 2186 1811 2232 promulga-

372 2236 478 2269 tionis
503 2246 575 2270 erat
591 2247 883 2279 TRINVNDINVM,
909 2245 946 2269 ut
964 2237 1035 2270 Lex
1051 2246 1134 2270 nova
1155 2235 1258 2269 etiam
1278 2247 1297 2268 a
1316 2233 1433 2268 rustica
1454 2233 1560 2278 plebe,
1588 2247 1661 2279 quae
1675 2232 1810 2278 fingulis

371 2281 534 2317 nundinis
552 2295 628 2318 rure
644 2284 679 2317 in
700 2283 816 2319 urbem
830 2282 998 2327 veniebat,
1024 2283 1104 2327 legi,
1131 2281 1377 2330 ponderarique
1394 2281 1510 2328 poffet.
1564 2281 1682 2325 Qum
1699 2292 1809 2315 tamen

371 2328 448 2375 ipsis
476 2330 632 2365 nundinis
655 2343 732 2367 cum
758 2331 887 2380 populo
910 2343 1009 2376 agere
1039 2329 1128 2365 haud
1150 2331 1281 2373 liceret,
1307 2331 1445 2365 comitia
1472 2329 1670 2377 plerumque
1696 2331 1730 2362 in
1757 2328 1809 2362 se-

369 2387 534 2425 quentem
549 2379 643 2416 diem
659 2379 908 2424 indicebantur,
933 2383 970 2416 &
990 2379 1042 2414 his
1060 2377 1193 2414 demum
1206 2377 1361 2414 omnibus
1377 2376 1572 2421 observatis,
1590 2375 1807 2421 Magistratus

1629 2436 1804 2462 POPVLVM
