2059 2812
418 167 521 215 140
809 144 1071 194 Elementa
1106 142 1254 208 Juris
1289 142 1460 196 Civilis

475 261 538 293 17·
570 249 765 297 Legatum
783 239 1025 293 relinquitur
1043 249 1129 281 tum
1147 241 1186 280 in
1205 240 1315 291 diem,
1335 255 1374 282 v.
1388 257 1420 283 c.
1437 243 1578 282 Maevio
1592 243 1666 298 lego
1684 244 1773 285 cedes
1787 254 1855 298 per

418 308 651 356 decennium5
693 314 779 342 turn
805 316 852 342 ex
871 302 944 351 die,
972 301 1049 342 five
1069 311 1197 351 certo,
1224 301 1300 342 five
1324 300 1492 354 incerto,
1510 303 1513 306 ’
1531 318 1567 344 v.
1585 320 1619 346 c.
1651 307 1867 361 Sempronio,

420 367 496 424 lego
515 368 656 407 hortum
670 363 750 419 p'ost
771 362 979 403 decennium
997 377 1022 401 a
1039 373 1152 402 morte
1176 364 1275 410 med3
1314 363 1375 401 vel
1391 378 1417 402 a
1437 373 1607 418 tempore,
1635 382 1701 421 quo
1725 367 1856 407 liberos

411 429 626 484 stcsceperit.
683 427 824 466 Priore
843 423 929 465 casu
946 422 1031 463 dies
1050 423 1190 464 itidem
1209 429 1244 464 ὅ(
1264 423 1372 464 cedit
1391 425 1519 464 statim
1547 440 1568 465 a
1595 438 1725 467 morte
1744 431 1859 469 testa-

421 490 521 529 toris
540 496 576 531 &
594 488 706 527 venit
728 505 736 525 :
768 486 1004 539 posteriore,
1032 484 1059 524 fi
1077 485 1159 524 dies
1187 495 1334 534 certus,
1361 485 1444 525 dleS
1466 487 1625 539 quidem
1643 489 1764 539 cedit,
1791 490 1856 530 sed

419 563 500 590 non
524 550 646 598 venit,
675 547 745 588 nifi
765 546 940 596 exfistat3
970 545 1025 584 fin
1043 546 1233 594 incertus,
1263 560 1335 588 nec
1353 545 1476 595 cedit,
1502 562 1575 588 nec
1594 551 1720 599 venit,
1747 562 1855 591 ante-

417 626 533 666 quam
554 613 716 660 exfistat‚
744 612 838 663 quia
858 611 942 650 dies
960 610 1134 650 incertus
1153 623 1229 663 pro
1251 610 1488 650 conditione
1506 611 1574 650 est.

478 689 493 711 1
505 679 537 713 8.
570 677 615 712 In
637 671 870 712 conditionali
889 671 1004 725 legato
1023 685 1096 713 nec
1123 670 1245 719 cedit,
1272 685 1346 711 nec
1363 670 1472 711 venit
1491 670 1590 720 dies,
1618 674 1684 713 nifi
1702 678 1854 718 exstite-

418 735 472 774 rit
490 734 687 774 conditio.

477 811 538 843 19.
570 796 646 836 Sub
673 795 970 848 demonstratione
988 794 1145 849 legatur
1168 795 1326 849 quoties
1345 796 1410 836 vel
1434 793 1615 847 personae
1635 796 1698 836 vel
1717 799 1776 837 rei
1801 798 1856 838 le-

416 867 518 909 gatae
550 857 713 897 additur
739 856 973 909 descriptio,
1001 870 1078 909 qua
1105 871 1150 896 ea
1176 862 1291 898 tanto
1321 857 1469 898 certius
1495 855 1732 911 defignetur.
1765 873 1800 899 v.
1821 874 1855 900 c.

417 918 579 958 Stichum
610 934 713 973 quem
740 919 918 958 aMaevio
946 921 1029 967 emi,
1059 919 1128 966 Do,
1158 919 1264 972 Lego.
1320 919 1374 957 Et
1399 917 1494 959 hinc
1523 916 1705 958 conditio
1733 922 1856 973 magis

415 991 499 1020 rem
521 979 727 1032 futuram3
757 979 1059 1020 Demonstratio
1078 979 1323 1032 praeteritam
1348 977 1533 1031 defignat.
1588 977 1857 1021 Observatum

416 1048 516 1088 erat,
544 1039 655 1094 quod
673 1040 769 1081 falsa
788 1039 1077 1081 demonstratio
1097 1053 1179 1079 non
1195 1039 1317 1095 magis
1334 1039 1508 1094 legatum
1528 1039 1713 1092 perimat,
1739 1054 1856 1094 quam

414 1113 533 1142 error
548 1102 734 1143 admiss'us
750 1101 791 1141 in
810 1102 987 1142 nomine.

471 1177 537 1202 20.
568 1163 646 1201 Sub
665 1164 772 1214 causa
796 1162 966 1215 legatur,
993 1163 1152 1214 quoties
1171 1163 1336 1200 testator
1355 1160 1508 1200 causam
1527 1160 1770 1214 impulfivam
1788 1164 1856 1205 ad-

416 1222 570 1264 scribit.
601 1235 640 1262 v.
658 1237 691 1265 c.
725 1222 827 1262 Titio
846 1222 933 1276 quia
949 1222 1094 1276 negotia
1112 1237 1190 1262 mea
1206 1221 1323 1277 gestit,
1355 1223 1423 1272 Do,
1452 1223 1559 1277 Lego.

471 1299 536 1325 21.
567 1283 646 1324 Sub
666 1284 765 1324 modo
791 1283 965 1336 denique
984 1285 1154 1339 legatur,
1180 1284 1336 1337 quoties
1355 1284 1442 1323 finis
1461 1284 1581 1339 legati
1601 1285 1852 1338 exprimitur.

415 1360 454 1388 v.
470 1360 505 1388 e.
538 1345 640 1386 'Etio
657 1346 714 1397 do,
745 1345 832 1400 lego,
861 1356 903 1385 ut
926 1345 1018 1385 aedes
1033 1346 1123 1398 fictu
1141 1345 1293 1397 reficiat.
1350 1349 1399 1384 In
1425 1344 1502 1385 hoc
1534 1345 1667 1401 legato
1693 1348 1791 1388 Dies
1818 1356 1854 1392 ὅ(

415 1406 524 1447 cedit
549 1407 679 1448 statim
707 1413 742 1449 ἃ
771 1407 896 1454 venit,
932 1405 1028 1446 dum
1055 1419 1189 1448 caveat
1215 1407 1428 1461 legatarius
1460 1406 1497 1446 se
1524 1407 1687 1447 moduni
1714 1409 1854 1463 imple-

414 1478 563 1511 turuni.

470 1545 535 1569 22.
564 1534 628 1569 Ita
644 1530 730 1584 jure
750 1531 922 1582 legatur.
981 1530 1078 1569 Non
1092 1537 1224 1567 autem
1239 1527 1342 1582 leges
1361 1527 1548 1568 sustinent
1563 1533 1713 1584 Legata
1729 1542 1853 1587 capta-

414 1592 510 1632 toria
525 1613 537 1644 3
566 1591 756 1631 sustinent
771 1601 904 1631 tamen
921 1589 1049 1644 legata
1061 1599 1169 1644 poenae
1188 1591 1326 1630 nomine
1348 1590 1500 1640 relicta,
1531 1591 1602 1631 nifi
1621 1601 1737 1646 turpe
1755 1596 1852 1648 quid

413 1651 564 1697 haeredi
580 1652 826 1708 injungatur.

462 1763 574 1797 Poenoe
604 1761 771 1808 nomine]
808 1760 944 1798 Scilicet
971 1760 1052 1808 saepe
1080 1760 1245 1796 haeredem
1272 1760 1390 1805 legatis
1421 1775 1485 1797 non
1505 1762 1564 1798 nisi
1583 1763 1725 1798 vexandi
1753 1765 1850 1800 causa

414 1809 601 1845 onerabant
617 1809 787 1845 testatores
801 1827 812 1851 5
837 1810 946 1856 iisque
963 1808 1058 1843 illum
1077 1807 1118 1842 ad
1133 1808 1320 1855 quidquam
1333 1808 1540 1853 faciendum,
1552 1811 1851 1860 omittendumque

416 1857 610 1900 adigebant,
636 1856 725 1891 nulla
751 1855 815 1891 alia
845 1859 992 1898 ratione,
1016 1868 1118 1902 quam
1137 1855 1254 1890 stolida
1272 1855 1445 1891 voluntate
1473 1856 1620 1893 adducti.
1673 1859 1757 1893 Tale
1777 1871 1849 1893 erat

417 1905 669 1939 Testamentum
688 1903 835 1947 Staberi,
859 1903 901 1937 de
917 1915 986 1950 quo
1002 1904 1124 1938 Horat.
1144 1905 1212 1938 Sat.
1228 1904 1314 1949 11.3.
1331 1916 1361 1938 v,
1378 1904 1431 1949 84.

753 1951 899 1985 Haredes
916 1953 1035 1986 Staberi
1043 1950 1196 1995 summam
1214 1949 1345 1986 incidssre
1355 1950 1508 1997 sepulchro
1521 1968 1531 1993 ;

753 1998 796 2031 Ni
812 1998 855 2043 fic
870 1997 1018 2042 fectffent,
1039 2000 1247 2043 gladiatorum
1272 1999 1344 2033 dare
1370 2008 1488 2034 centum

750 2045 923 2080 Damnavit
931 2047 1036 2090 populo
1047 2048 1151 2090 paria,
1177 2055 1268 2092 atque
1282 2048 1396 2090 epulum
1413 2047 1535 2081 arbitrio
1548 2043 1638 2088 Αννῖ,
1662 2044 1699 2081 &⁴

751 2093 913 2135 Frumenti,
939 2102 1085 2138 quantum
1103 2095 1188 2128 metit
1205 2092 1325 2137 Africa.

417 2139 535 2185 Qum
551 2150 632 2182 ergo
650 2137 857 2185 disputarent
875 2150 1018 2183 veteres,
1047 2152 1087 2174 an
1105 2140 1213 2184 legata
1235 2139 1401 2186 ejusmodi
1423 2139 1582 2183 valerent,
1609 2140 1730 2187 quibus
1746 2141 1848 2178 haeres

416 2186 458 2221 ad
475 2185 605 2233 aliquid
623 2185 689 2220 fine
706 2187 839 2220 ratione
855 2195 972 2220 contra
988 2188 1090 2221 animi
1109 2186 1305 2220 sententiam
1323 2186 1530 2229 faciendum,
1556 2187 1848 2236 omittendumque

416 2243 609 2278 cogeretur,
631 2233 836 2280 Justinianus
853 2233 910 2267 has
925 2235 1024 2268 tricas
1044 2233 1182 2276 sustulit,
1206 2233 1365 2280 jussitque
1385 2234 1451 2267 haec
1471 2233 1577 2277 legata
1597 2246 1666 2269 rata
1687 2236 1763 2279 effe,
1790 2249 1847 2270 ex—

415 2281 524 2363 eeplt'is
539 2281 591 2364 ἷξε,
612 2292 685 2328 quae
701 2279 754 2318 vel
769 2279 983 2328 impoffibilia
998 2279 1114 2323 effent,
1140 2280 1192 2316 vel
1209 2279 1338 2326 legibus
1355 2281 1547 2326 interdieta,
1570 2282 1621 2317 vel
1637 2282 1719 2318 alias
1731 2284 1846 2330 aperte

414 2339 476 2375 pro
502 2339 539 2363 ro
554 2340 583 2364 a.

1609 2392 1672 2426 23.
1752 2390 1846 2417 uum
