2059 2812
400 165 506 211 204
798 143 1055 194 Elementa
1090 139 1237 208 Jurz‘s
1271 141 1438 195 Civilis

403 257 484 282 non
504 243 614 297 posse
648 253 733 280 rem
761 239 958 288 illicitam,
986 252 1060 279 nec
1079 239 1200 279 ullam
1222 253 1271 280 ex
1302 241 1495 293 ejusmodi
1521 241 1709 281 mandato
1737 241 1844 281 inter

400 306 682 346 contrahentes
709 302 815 343 nasci
847 301 1139 357 obligationem
1161 304 1494 354 3-——Mandatum
1525 318 1607 344 non
1631 303 1845 345 admittere

403 369 611 415 mercedem,
640 366 705 406 sed
726 377 858 406 tamen
877 365 1129 416 honorarium3
1161 364 1457 405 mandatarium
1474 367 1567 406 fines
1587 366 1761 406 mandati
1780 381 1846 406 ex-

403 429 613 470 cedentem
633 428 739 468 nihil
766 442 898 483 agere,
925 442 997 469 nec
1016 428 1261 468 mandantem
1283 438 1379 467 tunc
1406 442 1454 468 ex
1472 429 1705 469 mandatarii
1734 429 1844 470 facto

402 495 546 535 teneri.

460 564 496 597 6.
530 556 673 613 Qaeri
690 555 793 596 solet
811 569 861 596 an
887 555 1055 610 negotio
1086 554 1163 594 tibi
1183 553 1293 602 dato,
1320 559 1355 594 ἅ
1379 554 1476 606 quid
1503 556 1668 596 omnino
1695 558 1844 598 faceres

400 617 586 668 definito,
615 631 755 660 contra
775 619 871 672 quid
891 617 1021 658 facere
1040 618 1196 668 debeas,
1224 617 1250 658 fi
1283 633 1332 658 eo
1363 619 1472 659 faeto
1493 619 1622 659 videri
1649 622 1763 675 poffit
1783 635 1844 661 res

398 692 591 721 eventura
611 680 855 743 prosperius,
883 693 1009 733 exque
1029 680 1206 719 utilitate
1235 680 1330 733 ejus,
1359 680 1430 732 qui
1462 680 1538 719 tibi
1566 680 1608 720 id
1635 683 1843 737 negotium

398 742 630 784 mandavit?
647 766 705 771 —-
718 741 1052 798 Distinguendum
1073 744 1128 782 est
1146 743 1254 782 inter
1273 743 1517 792 mandatum,
1544 744 1650 795 quod
1671 759 1743 798 per
1775 747 1844 786 im-

392 806 537 859 perium
559 807 790 862 superioris,
831 812 867 848 &
894 806 1004 859 quod
1037 821 1082 846 ex
1119 805 1300 846 contraaeu
1328 807 1486 845 ultroneo
1512 806 1737 859 suscipitur.
1794 813 1843 850 In

398 870 568 923 privatis
589 871 781 925 negotiis,
815 869 931 910 facile
959 871 1027 919 est,
1056 880 1102 909 ut
1129 869 1268 909 modus
1288 869 1526 922 expediendi
1553 871 1761 924 negotium
1789 874 1845 914 al-

398 933 479 973 teri
498 934 757 986 praesumatur
781 932 1033 986 praescriptus
1058 931 1249 973 duntaxat
1279 933 1319 971 in
1338 932 1466 973 vicem
1494 931 1661 982 confilii,
1691 934 1733 973 in
1759 950 1841 989 quo

398 997 648 1038 immutando
679 997 902 1051 prudentiae
933 996 1170 1036 mandatarii
1202 997 1313 1035 locus
1347 998 1402 1036 est
1438 996 1610 1038 relietus.
1668 1002 1724 1039 At
1744 1012 1842 1041 vero

397 1063 468 1116 qui
500 1076 578 1115 pro
610 1062 783 1115 imperio
815 1060 968 1114 aliquid
999 1062 1116 1101 alteri
1147 1060 1320 1110 mandat,
1350 1075 1433 1100 non
1462 1061 1645 1100 censetur
1674 1061 1743 1115 ipfi
1771 1065 1845 1105 nifi

395 1137 544 1165 meram
561 1125 838 1165 executionem
857 1124 1075 1178 injunxiffe,
1104 1124 1275 1177 ideoque
1293 1138 1374 1164 non
1393 1123 1532 1164 licebit
1558 1138 1580 1163 a
1600 1123 1724 1165 modo
1739 1139 1840 1179 prae-

397 1186 552 1240 scripto
572 1186 788 1229 discedere.

454 1265 489 1294 7.
521 1252 573 1288 Et
589 1249 682 1302 quia
700 1248 887 1289 mandans
901 1249 1084 1290 fiduciam
1104 1249 1339 1303 singularem
1359 1249 1399 1289 in
1414 1249 1652 1290 mandatarii
1671 1251 1843 1304 persona

397 1312 584 1361 collocat,
614 1313 857 1366 consequens
890 1314 958 1360 est,
989 1322 1033 1351 ut
1067 1312 1330 1352 mandatarius
1361 1312 1596 1353 substituere
1633 1313 1839 1357 ordinarie-

397 1389 483 1416 non
502 1375 647 1432 posfit:
679 1375 705 1417 fi
738 1387 867 1418 tamen
898 1376 1160 1427 substituerit,
1188 1383 1225 1419 ἂ
1254 1390 1336 1417 rem
1355 1390 1429 1430 per
1458 1377 1577 1418 alium
1597 1382 1709 1431 aeque
1735 1380 1842 1421 bene,

444 1491 489 1524 At
507 1500 586 1523 vero
604 1489 662 1536 qui
680 1501 740 1536 pto
756 1488 900 1535 imperio
916 1486 1047 1534 aliquid
1065 1487 1161 1522 alteri
1179 1485 1335 1533 mandat]
1375 1486 1446 1522 Aul.
1461 1486 1550 1522 Gell.
1568 1486 1683 1523 Lib.1.
1699 1500 1832 1538 cap.13.

396 1535 667 1579 ——Instruliius,
702 1535 951 1580 deliberatiusque
972 1534 1041 1579 fore
1064 1536 1249 1569 arbitramur
1278 1536 1507 1568 theorematium
1538 1536 1590 1568 hoc
1621 1537 1657 1570 de
1682 1539 1837 1573 mandatis

395 1583 594 1629 hujuscemodi
616 1581 813 1626 obsequendis,
838 1582 865 1626 fi
881 1583 1045 1626 exemplum
1062 1593 1176 1626 quoque
1201 1580 1239 1614 P.
1263 1582 1354 1627 Crassi
1375 1582 1521 1616 Muciani
1550 1583 1626 1616 clari
1655 1595 1691 1616 ac
1716 1584 1833 1629 illustris

397 1633 451 1666 viri
469 1629 699 1674 apposuerimus.
751 1630 780 1662 Is
808 1627 928 1671 Craffus
944 1640 964 1661 a
979 1630 1146 1672 Sempronio
1160 1625 1316 1672 Asellione,
1343 1626 1541 1673 &plerisque
1556 1630 1625 1668 aliis
1640 1629 1757 1675 historie
1772 1632 1835 1666 Ro-

397 1689 489 1712 mana
502 1676 692 1720 scriptoribus
711 1676 842 1709 traditur
868 1674 996 1720 habuisse
1015 1677 1143 1720 quinque
1159 1685 1256 1709 rerum
1281 1676 1420 1709 bonarum
1448 1676 1582 1709 maxima
1601 1674 1638 1710 (θ’
1661 1679 1833 1721 precipua3

396 1725 475 1769 quod
491 1722 559 1767 effet
587 1724 755 1768 ditisstmus,
781 1723 857 1766 quod
882 1724 1080 1767 nobiliſsimus,
1103 1723 1178 1767 quod
1199 1723 1457 1768 eloquentiffimus,
1482 1723 1559 1767 quod
1576 1721 1834 1770 Juriscottsultiss‘-

396 1784 472 1813 mus,
498 1770 573 1815 quod
587 1769 727 1814 Pontifex
741 1770 912 1803 Maximus.
966 1771 1008 1812 Is,
1033 1781 1123 1814 quum
1139 1770 1167 1802 in
1182 1768 1333 1813 consulatu
1350 1770 1493 1803 obtineret
1511 1767 1619 1804 Afiam
1632 1771 1835 1814 Provinciam,

395 1817 432 1852 (θ’
450 1816 664 1862 cirmmfidme,
692 1826 916 1861 oppugnareque
938 1817 1065 1850 Leucas
1082 1817 1215 1860 oppidum
1227 1825 1367 1859 pararet,
1392 1815 1516 1861 opusque
1541 1815 1609 1861 effi’t
1627 1816 1720 1862 firma*
1739 1828 1831 1864 atque

390 1863 518 1908 procerti
538 1865 635 1904 trabe,
661 1861 713 1907 qui
733 1865 860 1897 arietem
872 1862 1005 1907 faceret,
1024 1875 1080 1907 quo
1096 1874 1192 1897 muros
1209 1864 1273 1903 ejus
1291 1864 1382 1908 oppidi
1400 1872 1552 1908 quateret,
1572 1863 1688 1909 scripsit
1705 1866 1744 1899 ad
1761 1879 1829 1901 ma-

387 1911 513 1955 gistrum
533 1911 770 1944 Architectonem
795 1909 999 1943 Elatenfium
1013 1910 1170 1954 sociorum,
1196 1910 1416 1955 amicorumque
1430 1912 1532 1954 populi
1561 1912 1703 1953 Romani,
1729 1922 1767 1945 ut
1793 1927 1831 1948 ex

396 1961 486 1993 malis
513 1957 632 2000 duobus,
659 1969 731 2001 quos
759 1957 838 2000 apud
867 1969 913 1989 eos
944 1957 1070 2001 vidisset,
1104 1966 1170 1991 uter
1195 1959 1288 1998 major
1304 1957 1384 2001 effer,
1408 1970 1474 1992 eum
1500 1958 1676 1992 mittendum
1694 1969 1826 1994 curaret.

395 2006 474 2040 Tum
492 2001 631 2049 magister
645 2004 843 2045 Architetton,
865 2013 1018 2048 comperto,
1044 2005 1233 2049 quamobrem
1251 2005 1365 2039 malum
1381 2004 1568 2050 defideraret,
1593 2017 1648 2038 non
1669 2006 1714 2038 uti
1733 2006 1830 2049 jussus

394 2061 472 2095 erat,
497 2054 651 2094 majorem,
669 2050 724 2095 sed
741 2062 826 2094 quent
842 2049 894 2093 effe
912 2053 1011 2096 magis
1036 2052 1185 2092 idoneum,
1210 2052 1409 2096 aptioremque
1420 2051 1561 2096 faciendo
1579 2052 1679 2093 arieti,
1697 2051 1830 2094 facilio-

393 2111 512 2144 remque
528 2108 649 2141 portatu
666 2096 866 2142 existimabat,
889 2099 1030 2132 minorem
1049 2097 1134 2142 misit.
1185 2096 1315 2132 Crassus
1340 2110 1407 2132 eum
1435 2099 1535 2134 vocari
1554 2099 1649 2143 jussir,
1679 2096 1716 2133 ὠ·
1736 2112 1830 2144 quum

395 2143 612 2189 interrogiffet,
637 2157 688 2179 cur
705 2156 773 2185 non,
799 2155 885 2188 quem
897 2144 1033 2188 jusserat,
1059 2143 1171 2190 mififfet
1185 2157 1196 2187 ;
1222 2145 1314 2190 causis
1330 2143 1546 2190 rationibusque
1559 2157 1634 2190 quas
1659 2146 1829 2191 diffitahat,

385 2194 506 2238 spretis,
532 2191 703 2236 vestimenta
729 2192 847 2225 detrahi
873 2192 1042 2234 imperavit,
1075 2191 1222 2236 virgifiIue
1248 2193 1374 2226 multum
1398 2193 1527 2232 cecidit5
1566 2194 1712 2237 corrumpi
1734 2204 1829 2239 atque

394 2239 502 2284 diffialvi
520 2239 639 2282 officium
656 2250 739 2273 omne
756 2240 931 2282 imperantis
946 2248 1043 2281 ratus,
1061 2239 1089 2283 s'
1107 2240 1175 2283 quis
1193 2240 1232 2273 ad
1248 2240 1292 2283 id,
1317 2240 1395 2286 quod
1405 2238 1510 2284 facere
1519 2241 1612 2284 jussus
1627 2239 1678 2286 est,
1704 2252 1758 2275 non
1776 2243 1829 2275 ob-

386 2288 491 2334 sequio
508 2287 616 2331 debito,
632 2286 690 2333 sed
707 2285 820 2332 confilio
836 2297 891 2322 non
909 2284 1067 2331 desiderato
1084 2284 1266 2331 respondem.

1647 2386 1825 2442 gesserit,
