2059 2812
362 143 462 209 238
758 137 1020 190 Elementa
1057 135 1207 204 Jurbs
1242 138 1410 192 Civilis

363 241 453 276 cium
470 241 505 275 in
522 237 657 276 bafiHca
670 235 764 285 Julia
781 235 898 272 haberi
916 235 1103 282 consuevit,
1130 241 1168 274 δε
1185 237 1328 287 quidem
1348 239 1495 287 publice,
1519 249 1554 277 ut
1572 240 1661 286 densa
1676 245 1807 278 circum-

353 289 502 335 stantium
519 298 624 323 corona
640 287 810 331 latissinmm
824 287 975 327 judicium
988 287 1150 332 multiplici
1167 288 1276 321 circulo
1302 289 1442 333 ambiret,
1469 289 1519 323 uti
1543 289 1699 336 loquitur
1717 291 1804 327 Plin.

362 336 464 385 Epist.
484 349 538 371 Vl.
558 347 612 381 33.

401 394 524 440 Judex,
551 403 589 427 ut
607 390 740 426 Arbiter
758 404 775 426 a
803 403 861 425 reo
879 389 1016 438 probari
1034 390 1193 434 debebat,
1220 404 1258 427 ac
1283 402 1354 426 tum
1373 391 1483 439 Judex
1501 397 1653 430 convenire
1671 394 1808 430 diceba·

361 452 429 484 tur,
455 445 491 475 &
507 438 637 486 judicio
659 451 797 486 quoque
815 440 1052 473 centumvirali
1072 449 1216 486 uterque
1238 451 1306 475 tam
1327 440 1432 483 auor,
1457 453 1559 488 quam
1577 453 1649 477 reus
1668 443 1808 478 subscri·

360 488 439 523 bere
455 485 615 530 debebat,
640 496 678 520 ut
696 488 744 520 ita
763 489 796 520 in
817 485 900 520 illud
919 485 1112 521 consensxffe
1129 499 1186 521 eos
1202 499 1241 534 ap
1268 496 1384 523 areret.
1434 487 1547 536 Judex
1562 499 1662 535 porro
1676 491 1733 525 ille
1747 491 1810 525 da-

359 534 469 578 batur,
497 536 555 581 qui
574 546 636 569 nec
660 534 803 578 legibus,
829 546 890 567 nec
910 544 1041 577 natura,
1067 547 1130 568 nec
1158 537 1243 569 mori
1271 548 1320 578 us,
1348 548 1419 583 quo
1445 537 1556 571 minus
1580 536 1687 583 judex
1712 538 1807 580 effer,

363 582 625 629 prohiberetur:
651 584 736 616 &in
756 594 794 616 ea
809 581 906 615 verba
924 580 1079 623 dabatur,
1105 581 1228 627 quibus
1250 582 1430 629 postulatus
1455 594 1537 619 erat.
1591 586 1683 619 Tum
1702 586 1808 620 inter-

363 629 576 676 ponebantur
593 629 811 674 Satisdationes
822 629 997 669 judicatum
1005 629 1094 674 fhlvi,
1121 632 1158 664 &
1177 641 1240 664 rem
1264 639 1366 664 raram
1393 631 1508 666 haberi.
1561 633 1657 666 Prior
1679 633 1808 679 praesta-

361 677 460 712 batur
479 689 497 711 a
517 685 742 722 procuratore
770 677 833 717 rei,
856 673 992 710 absente
1009 688 1080 719 κο,
1105 676 1158 710 vel
1187 676 1229 711 ab
1259 676 1331 724 ipso
1352 689 1424 720 reo,
1451 676 1473 711 fi
1497 677 1636 724 praesens
1651 680 1744 723 estet,
1770 681 1805 715 in

358 723 505 771 judiciO,
530 722 582 758 vel
600 720 887 769 extrajudicium‚
914 733 1168 769 procuratorem
1187 722 1278 758 suum
1295 724 1529 759 confirmante.
1585 726 1809 772 Hujus'Satis-

358 771 509 806 dationis
527 780 593 805 tres
611 781 704 805 erant
722 769 886 814 clausulae,
911 783 1031 818 nempe
1055 773 1090 806 de
1107 783 1138 805 re
1152 772 1297 814 judicata
1307 772 1471 817 firlvenda3
1511 775 1547 807 de
1562 786 1594 808 re
1607 773 1809 818 defendenda,

362 819 427 854 hoc
437 819 499 861 est,
524 817 659 865 judicio
675 817 751 861 filii,
776 821 813 852 &
830 818 867 852 de
881 819 941 853 dolo
958 820 1050 852 malo.
1101 818 1168 853 Sed
1184 820 1216 852 in
1232 820 1367 866 propria
1381 817 1519 866 persona
1534 830 1718 856 conventus
1735 832 1810 856 reus

359 865 575 901 satisdatione
594 878 661 900 non
688 864 908 908 gravabatur,
942 874 976 899 at
1004 865 1046 900 de
1064 867 1156 900 exitu
1177 865 1248 900 litis
1266 865 1502 914 exspectandQ
1535 867 1587 903 vel
1609 869 1810 915 juratoriam

359 916 566 954 cautionem,
593 912 645 947 vel
665 912 786 946 nudam
806 912 1051 960 promiffionern
1070 929 1081 954 ς
1115 913 1165 948 vel
1191 911 1441 949 satisdationem
1465 926 1527 961 pro
1545 917 1711 962 qualitate
1733 927 1810 963 per-

358 960 446 995 sonae
461 960 523 996 suae
549 960 629 995 dare
657 959 934 1006 compellebatur.
1026 962 1101 995 Rem
1120 970 1224 996 ratam
1244 962 1347 996 haberi
1375 960 1626 997 satisdationem
1659 966 1810 1010 praestare

358 1007 503 1043 debebat
518 1016 722 1055 procurator
738 1008 880 1051 Aetoris,
905 1007 949 1042 de
964 1009 1059 1055 cujus
1079 1007 1236 1042 mandato
1252 1007 1365 1055 aliqua
1387 1020 1428 1043 ex
1450 1020 1544 1056 parte
1559 1009 1782 1044 dubitabatur
1795 1027 1808 1053 ς

359 1056 413 1090 vel
432 1055 456 1090 fi
473 1053 669 1091 mandatum
699 1054 860 1090 exhibere
884 1068 952 1090 non
980 1065 1170 1100 cogeretur,
1197 1055 1314 1101 quales
1342 1067 1437 1090 erant
1455 1056 1600 1102 personae
1619 1058 1809 1103 conjunfflcae

358 1104 479 1138 astori.
531 1102 706 1150 Hujusque
730 1103 779 1136 rei
805 1103 893 1137 ratio
911 1113 993 1146 erat,
1021 1117 1061 1138 ne
1075 1102 1206 1150 judicia
1225 1102 1347 1138 fierent
1367 1100 1521 1146 elusoria,
1548 1115 1651 1151 atque
1681 1107 1728 1139 ita
1746 1105 1811 1139 do·

359 1152 472 1186 minus
501 1148 544 1185 de
572 1150 691 1184 eadem
714 1161 749 1183 re
777 1150 900 1184 iterum
930 1152 1073 1197 experiri
1096 1160 1285 1193 cogeretur.
1339 1152 1429 1184 Turn
1461 1153 1565 1185 etiam
1590 1154 1691 1186 Actor
1717 1163 1810 1196 eum,

359 1197 451 1232 unde
468 1196 646 1245 petebatur
664 1195 839 1243 sponfione
856 1197 1072 1243 provocabat,
1094 1200 1126 1232 ni
1144 1199 1190 1232 ita
1208 1197 1274 1242 effet
1289 1212 1298 1232 .·
1326 1197 1359 1232 &
1384 1199 1540 1244 pecunia,
1568 1211 1642 1247 quae
1659 1198 1811 1246 depone-

359 1243 467 1288 batur,
492 1243 669 1279 dicebatur
685 1247 926 1280 Sacramentum.

408 1299 546 1337 Deinde
572 1299 678 1336 fiebat
702 1301 787 1335 Litis
812 1302 1003 1348 Contestatio,
1029 1314 1104 1349 quse
1124 1300 1207 1337 nihil
1236 1300 1329 1337 aliud
1347 1302 1403 1344 est,
1430 1313 1530 1349 quam
1551 1304 1595 1337 rei
1620 1303 1810 1349 controversa

360 1350 440 1396 apud
454 1349 603 1396 Judz'cem
619 1361 657 1384 ex
675 1358 800 1394 utraque
809 1358 900 1394 parte
914 1348 1112 1395 testatbfac‘ia
1129 1352 1286 1384 narratio.-
1313 1353 1350 1385 ὃς
1367 1349 1538 1397 judicium
1558 1350 1696 1385 demum
1713 1363 1732 1385 a
1746 1350 1811 1386 lite

359 1397 547 1432 contestata
563 1397 715 1443 incipere
733 1396 863 1431 dicitur
882 1412 892 1438 ;
920 1397 1010 1432 unde
1027 1407 1097 1432 ante
1111 1399 1262 1440 judicium
1280 1407 1462 1442 conceptum,
1489 1402 1526 1433 &
1549 1407 1621 1433 ante
1638 1400 1724 1433 litem
1741 1411 1811 1433 con-

357 1444 499 1490 testatam
519 1443 611 1478 idem
631 1443 754 1479 valent.
806 1444 884 1478 Post
901 1443 996 1479 litem
1013 1445 1236 1480 contestatam
1255 1455 1397 1491 uterque
1415 1445 1567 1488 litigator
1584 1445 1812 1480 denunciabat

358 1492 457 1526 alteri
473 1493 509 1526 in
523 1491 615 1526 diem
630 1493 785 1535 tertium,
811 1490 875 1526 five
890 1495 1097 1537 perendinum,
1126 1492 1214 1527 unde
1227 1493 1506 1538 Comperendinatio
1527 1492 1571 1526 est
1588 1492 1679 1528 dicta
1697 1509 1707 1534 ς
1735 1505 1810 1540 quae

358 1538 479 1575 eadem
507 1541 668 1574 Condic‘bio.
724 1541 775 1573 Eo
793 1538 850 1573 die
865 1539 1034 1585 judicium
1052 1539 1168 1582 fiebat,
1195 1539 1255 1573 nist
1282 1539 1396 1585 Judex
1414 1551 1470 1573 aut
1488 1539 1573 1573 alter
1598 1540 1807 1582 litigantium

359 1587 457 1621 morbo
471 1588 588 1621 sontico
611 1584 796 1632 impeditus
811 1584 946 1629 abesset,
975 1597 1045 1620 tum
1064 1588 1154 1620 enim
1179 1586 1252 1620 dies
1276 1585 1529 1621 diffindebatur.
1582 1587 1617 1621 Si
1635 1587 1722 1621 alter
1738 1586 1811 1621 liti-

359 1642 517 1677 gatorum
544 1644 613 1666 non
635 1632 785 1675 veniffet,
812 1645 924 1680 neque
954 1633 1109 1668 morbum
1127 1632 1322 1675 excusasset,
1349 1635 1475 1667 Praetor
1500 1635 1534 1667 in
1563 1644 1638 1668 eum
1665 1635 1809 1669 Edifflum

356 1682 587 1725 peremptorium
610 1678 725 1723 dabat,
751 1680 795 1714 ad
813 1679 906 1726 quod
926 1693 992 1714 non
1010 1681 1078 1728 post
1102 1682 1179 1723 tria,
1207 1680 1260 1714 sed
1285 1681 1356 1728 post
1376 1680 1448 1715 duo
1468 1680 1577 1715 edicta
1590 1691 1726 1716 ventum
1745 1681 1804 1717 est.

359 1729 394 1763 Si
413 1738 559 1774 uterque
579 1726 730 1769 venisset,
752 1726 864 1775 Judex
881 1729 991 1773 primo
1016 1727 1158 1773 jurabat,
1187 1726 1219 1762 se
1241 1740 1283 1762 ex
1305 1728 1381 1771 lege
1396 1727 1647 1774 judicaturum;
1675 1728 1708 1764 &
1728 1741 1810 1764 mox

360 1786 504 1821 uterque
528 1773 739 1818 litigatorum
758 1775 830 1821 ejus
844 1774 928 1821 jnflh
943 1777 1159 1817 jusjurandum
1176 1777 1329 1810 calumnia
1353 1774 1533 1822 praestabat,
1560 1775 1623 1809 hoc
1638 1775 1700 1818 est,
1716 1778 1809 1818 jura-

360 1824 413 1856 bat
423 1822 458 1868 se
475 1833 529 1856 non
540 1821 718 1866 frustrandi,
743 1832 799 1856 aut
816 1824 945 1856 vexandi
960 1823 1049 1868 cauſsa
1065 1824 1148 1857 litem
1155 1822 1302 1868 suscipere
1317 1839 1327 1864 3
1355 1824 1546 1857 Calumniari
1560 1824 1651 1858 enim
1670 1825 1808 1871 proprie

361 1870 418 1911 est,
442 1867 536 1915 quod
552 1870 639 1904 Galli
654 1868 758 1903 hodie
779 1869 909 1912 dicunt,
934 1871 1085 1905 chicaner.
1140 1871 1242 1904 Αᾶοι·
1259 1871 1361 1905 ctiam
1385 1871 1418 1904 in
1438 1869 1640 1916 quibusdam
1659 1872 1761 1905 caufis
1776 1873 1807 1906 in

359 1918 445 1951 litem
455 1916 598 1958 jurabat,
624 1916 689 1949 hoc
708 1917 764 1957 est,
783 1920 903 1958 juratus
917 1919 1003 1951 litem
1019 1918 1178 1962 aestimabat
1201 1916 1330 1951 scilicet
1345 1918 1378 1951 in
1395 1917 1537 1963 judiciis
1552 1918 1720 1963 bonafidei,
1747 1916 1805 1952 ubi

360 1975 411 1997 res
430 1962 661 2009 repetebatur,
686 1962 738 1997 vel
761 1963 782 1996 fi
801 1966 1025 2006 contumacia,
1053 1974 1108 1998 aut
1135 1963 1234 1998 dolus
1265 1966 1312 1998 rei
1339 1964 1582 2000 intervenisset.
1637 1964 1757 2012 Judex,
1784 1964 1809 2000 fi

362 2022 447 2045 unus
463 2009 557 2051 esset,
584 2022 685 2044 unum
704 2009 755 2044 vel
770 2010 910 2045 alterum
926 2012 1071 2046 amicum
1088 2012 1319 2058 jurisperitum
1335 2013 1368 2046 in
1386 2011 1560 2046 confilium
1576 2010 1634 2045 fibi
1652 2011 1810 2047 adsume-

360 2056 430 2092 bat.
483 2059 576 2092 Tum
596 2058 685 2102 causa
698 2060 907 2102 perorabatur,
931 2059 1024 2105 quod
1041 2058 1091 2094 vel
1109 2059 1258 2094 breviter
1274 2058 1389 2102 fiebat,
1415 2063 1450 2094 δε
1468 2060 1570 2105 Causae
1588 2061 1735 2101 Conjec‘tio
1752 2060 1806 2094 di-

360 2104 511 2146 cebatur,
538 2103 587 2138 vel
607 2104 758 2149 pluribus
778 2109 813 2140 &
832 2105 1022 2140 artificiosis
1041 2105 1163 2149 verbis,
1191 2106 1307 2153 quales
1324 2106 1400 2141 sunt
1418 2108 1600 2141 Orationes
1626 2108 1803 2142 Ciceronis

361 2164 422 2199 pro
440 2152 600 2200 Qm‘tiO,
626 2151 657 2185 ἃ
672 2164 733 2199 pro
748 2153 849 2198 Roscio
868 2155 1013 2188 Comoea'o.
1066 2153 1209 2188 Rabnlx
1224 2164 1350 2196 autern,
1378 2155 1435 2200 qui
1455 2153 1567 2188 causas
1585 2164 1717 2188 tantum
1733 2167 1807 2189 mo-

362 2199 533 2241 rabantur,
559 2200 730 2233 Moratores
747 2200 825 2234 inde
842 2199 978 2234 fuerunt
1002 2201 1097 2234 dieti.
1150 2202 1310 2248 Denique
1330 2201 1424 2236 testes
1443 2200 1680 2246 audiebantur,
1705 2201 1738 2238 δι
1757 2213 1807 2236 ta-

357 2246 449 2282 ‘bulae
466 2247 601 2294 aliaque
618 2246 834 2283 instrumenta
851 2246 1132 2294 producebantur.

1724 2359 1804 2396 Post

2034 516 2051 569 ’ἶ-Ῥᾋ
2044 453 2052 479 Α,
2036 384 2051 441 -.“,.,
2049 363 2051 369 .
2049 315 2051 318 .

2036 566 2059 647 iva-0<
2047 537 2056 546 ,-

2048 1177 2059 1188 r
2038 1147 2059 1169 ἶ
2026 942 2059 1143 4&sser
2038 854 2059 937 &2³:7—
2036 839 2037 842 ⁴
