2059 2812
636 169 751 222 Lib.
790 168 830 222 J.
904 167 1002 223 Tit.
1041 166 1156 225 XII.
1539 183 1618 234 47

228 289 264 321 6.
294 275 483 330 Dignitas
502 281 635 312 autem
660 270 747 325 jure
766 267 1033 322 antiquiffimo
1050 267 1174 317 nulla,
1204 265 1615 322 secundumJustinia-

177 359 267 386 num
291 342 372 382 sola
392 339 645 385 Furit-intus,
674 336 752 376 hoc
772 335 842 382 est,
872 347 1014 372 eorum
1037 333 1106 384 qui
1132 332 1350 384 Principia
1368 330 1552 380 confiliis,
1579 337 1615 373 ἃ

175 409 295 448 instar
314 409 475 445 Patrum
496 412 626 449 erant,
656 399 824 440 tollebat
843 396 1017 438 Patriam
1037 397 1298 450 potestatem3
1327 396 1438 449 quod
1457 395 1615 436 tandem

176 470 418 524 productum
438 465 486 507 ad
507 478 665 505 omnem
678 460 947 516 Dignitatem,
965 473 1052 513 quae
1072 472 1094 498 a
1113 457 1225 497 curia
1244 458 1404 509 liberat,
1431 465 1466 500 ὃς
1486 459 1615 498 nomi-

173 534 298 576 natim
319 533 368 574 ad
384 529 679 585 Episcopatum.

229 615 266 644 7.
299 597 483 650 Adoptio
503 594 670 648 proprie
689 607 769 632 non
796 592 851 631 est
879 589 1020 630 modus
1037 589 1212 631 tollendi
1245 589 1414 642 patriam
1443 588 1616 628 Potesta-

175 672 272 711 tem,
301 661 396 704 licet
415 662 483 715 qui
503 658 731 699 ascendenti
748 656 876 699 filium
896 655 1006 696 suum
1025 654 1295 708 adoptandum
1313 653 1396 703 dat,
1421 653 1482 706 jus
1502 651 1617 692 suum

173 736 346 768 amittat.

234 795 270 831 8.
299 793 386 832 Nec
409 785 633 840 Captivitas
662 784 712 825 ad
730 784 803 825 hos
830 781 972 824 modos
991 782 1184 835 pertinet.
1239 781 1327 821 Sive
1348 781 1453 821 enim
1472 780 1521 820 ab
1541 779 1615 820 ho-

174 851 294 894 stibus
323 861 455 904 captus
486 848 719 896 revertitur,
746 847 833 901 jure
851 844 1092 887 Postliminii
1124 844 1256 885 onmia
1274 852 1483 898 recuperat
1499 863 1509 895 3
1539 842 1616 885 five

174 915 281 970 apud
296 931 362 956 eos
381 913 553 963 decedit,
572 918 680 968 Lege
694 912 887 954 Cornelia
906 911 1051 959 statim,
1079 924 1168 952 cum
1186 920 1323 964 captus
1340 911 1410 959 est,
1438 919 1617 952 mortuus

175 983 252 1023 effe
272 982 451 1037 fingitur.

224 1089 301 1125 Sola
315 1088 531 1136 patriciatus]
573 1088 692 1123 Stante
711 1085 902 1134 Republica
919 1087 1049 1120 Patricii
1066 1084 1278 1128 dicebantur,
1307 1086 1364 1132 qui
1384 1097 1497 1120 eorum
1513 1086 1616 1120 Sena-

176 1148 293 1173 torum
314 1137 497 1180 Progenies
522 1146 627 1178 erant,
662 1148 748 1182 quos
776 1133 943 1169 Romulus
974 1144 1153 1169 creaverat.
1206 1133 1449 1182 Antiquisfimae
1474 1144 1616 1180 quoque

177 1183 341 1230 cujusque
356 1183 537 1216 Senatoriae
550 1181 697 1215 Familiae
715 1181 812 1213 liberi
830 1192 925 1213 aetate
939 1181 1021 1213 Livii
1040 1182 1176 1214 Patricii
1195 1179 1458 1226 appellabantur.
1488 1182 1615 1216 verum

176 1231 278 1274 longe
295 1230 392 1263 aliter
411 1228 545 1262 Patricii
564 1229 598 1261 in
616 1225 921 1261 Constitutiouibus
939 1228 1164 1260 recentiorum
1184 1229 1291 1273 Impp.
1314 1227 1503 1273 accipiendi
1525 1226 1611 1262 sunt.

180 1281 274 1314 Nam
293 1276 449 1310 transsato
466 1274 730 1319 Constantinopolin
745 1274 891 1318 imperio
909 1283 1043 1316 coepere
1059 1274 1232 1319 Principes
1249 1286 1290 1308 ex
1305 1273 1534 1316 Senatorii-ms,
1555 1275 1615 1320 qui

179 1323 362 1361 Curulibus
375 1320 630 1365 Magistratibus
646 1319 752 1352 functi
771 1328 880 1360 erant,
905 1316 963 1351 fibi
981 1318 1211 1361 consiliarios,
1235 1324 1272 1354 &
1291 1319 1383 1366 quafi
1405 1333 1534 1356 PATRES
1553 1322 1615 1356 eli·

179 1385 269 1418 gere,
296 1382 379 1417 quos
402 1379 595 1404 nummos
613 1366 681 1401 dici
698 1365 837 1411 placuit,
863 1364 954 1410 quafi
971 1364 1084 1399 Patres
1098 1368 1286 1400 communis
1302 1366 1524 1413 Reipublicae.

227 1422 308 1453 Haec
323 1416 504 1464 appellatio
519 1416 685 1450 Claudiano
701 1413 805 1460 lepidi
823 1413 891 1459 joci
908 1414 1081 1446 materiam
1109 1412 1242 1449 tribuit.
1295 1416 1326 1448 Is
1343 1415 1434 1448 enim
1450 1415 1484 1448 in
1501 1417 1616 1453 Eutro-

174 1470 260 1515 pium
275 1466 474 1507 Patricium,
500 1463 595 1507 cujus
614 1462 701 1496 bona
720 1461 903 1508 publicata,
930 1463 966 1495 δε
985 1461 1018 1494 in
1035 1458 1150 1494 fiscum
1168 1462 1281 1495 coaera
1296 1471 1404 1505 erant,
1431 1460 1474 1495 fic
1489 1462 1589 1497 ludit.

513 1511 660 1555 Direptas
677 1509 770 1557 Qid
787 1510 907 1554 plangis
924 1518 1001 1553 opes,
1027 1520 1099 1553 quas
1112 1510 1213 1542 Natus
1230 1509 1371 1544 habebit?

610 1559 679 1592 Non
702 1559 794 1591 aliter
807 1566 922 1600 poteras
932 1557 1075 1600 Principis
1092 1555 1145 1600 effe
1163 1558 1221 1591 PA
1232 1556 1297 1591 TE
1309 1558 1349 1591 R.

230 1610 309 1655 1ure
324 1604 553 1652 postliminii]
590 1603 639 1639 Ad
653 1606 708 1651 jus
722 1604 921 1639 Postliminii
950 1602 1035 1637 nihil
1062 1604 1213 1646 interest,
1240 1602 1417 1650 quomodo
1434 1614 1548 1651 captus
1565 1615 1618 1638 re-

177 1651 339 1698 vertatur,
365 1664 477 1689 utrum
492 1652 657 1695 dimiffus,
684 1665 727 1687 an
745 1653 790 1694 vi,
814 1651 867 1687 vel
886 1649 1030 1694 fallacia,
1056 1662 1113 1686 aut
1130 1653 1226 1686 vietis
1243 1651 1354 1698 postea
1371 1651 1534 1696 hostibus,
1552 1650 1616 1687 five

179 1714 216 1739 ut
232 1706 399 1738 Homerus
409 1701 527 1748 Odyff.
548 1713 578 1735 v.
598 1713 650 1747 14.

513 1755 537 1781 H
552 1748 629 1784 ἐδλω,
654 1747 679 1779 ιἰἒ
696 1747 752 1787 βίῃ,
775 1747 790 1778 33
807 1747 936 1788 ἂμφαέὃν,
962 1746 985 1778 ἦέ
1003 1747 1128 1791 κρυφηέὃν,

178 1800 230 1832 Ita
248 1808 371 1841 tamen,
398 1795 422 1830 fi
440 1795 478 1830 ea
503 1807 617 1830 mente
634 1795 750 1838 fuerit,
777 1803 816 1829 ut
831 1795 914 1829 illuc
935 1807 1001 1828 non
1024 1803 1259 1830 reverteretur.
1311 1797 1354 1830 Et
1373 1794 1453 1830 ideo
1480 1795 1618 1842 respou-

178 1845 250 1881 sum
269 1845 315 1879 est
330 1844 501 1888 Regulum
521 1855 587 1877 non
606 1843 670 1878 effe
687 1841 893 1890 postliminio
911 1840 1086 1884 reversum,
1113 1843 1192 1889 quia
1212 1842 1381 1888 juraverat
1395 1842 1427 1878 se
1439 1843 1617 1887 Carthagi-

179 1905 255 1927 nem
275 1891 657 1927 reversurum—Cic.
674 1889 753 1925 Lib.
773 1902 802 1925 1.
822 1889 865 1924 de
880 1890 1224 1935 Orat.——-Similique
1241 1892 1395 1936 ingenere
1412 1891 1550 1935 inferiore
1568 1904 1616 1925 or-

180 1943 257 1982 dine,
274 1940 300 1985 fi
315 1945 377 1985 qui5
391 1940 470 1984 apud
487 1952 536 1974 nos
551 1937 683 1985 servisset
701 1951 738 1971 ex
750 1940 856 1982 populo
867 1936 1024 1981 foederato,
1042 1937 1135 1983 seque
1154 1936 1314 1983 liberdffet‚
1336 1951 1372 1973 ac
1383 1939 1481 1984 pcstea
1498 1939 1616 1975 domum

177 1989 339 2033 revenisset,
365 1987 511 2033 quaefitum
529 1987 566 2033 est
582 1988 662 2032 apud
679 1988 807 2027 majores
826 1985 938 2030 nostros,
962 1997 1034 2021 num
1048 1988 1072 2020 is
1090 1986 1255 2021 POSTL
1264 1988 1282 2020 Ι
1287 1986 1333 2021 Μ
1338 1989 1357 2021 Ι
1360 1988 1397 2021 Ν
1401 1989 1420 2021 Ι
1427 1990 1456 2021 Ο
1475 1986 1615 2031 rediisset,

179 2033 215 2069 ό·
241 2035 373 2082 amififfet
398 2036 475 2069 hanc
495 2031 851 2070 civitatem—Idem
869 2034 920 2068 2in
949 2034 1325 2081 Topicis—Scaevola
1349 2044 1451 2069 autem
1467 2034 1502 2067 P.
1523 2036 1616 2069 Fili-us

173 2084 310 2123 junelum
321 2091 414 2127 putat
431 2081 484 2127 effe
502 2083 623 2118 verbum
640 2081 723 2128 utfit
742 2082 773 2115 in
787 2093 820 2115 eo
838 2079 875 2115 ό*
890 2081 1009 2117 POST
1021 2080 1058 2117 (ῤ’
1076 2080 1248 2126 LIMEN,
1275 2092 1311 2117 ut
1327 2094 1386 2127 quae
1404 2094 1423 2116 a
1440 2084 1519 2116 nobis
1538 2083 1615 2117 alie-

181 2138 254 2163 nata
264 2129 350 2173 sunt,
373 2142 464 2175 quum
480 2131 519 2165 acl
535 2131 639 2176 hostem
651 2130 853 2174 pervenerint,
872 2141 909 2162 ex
920 2128 974 2173 sao
990 2138 1138 2175 tanquam
1154 2130 1259 2164 limine
1277 2132 1416 2172 exierint,
1442 2131 1508 2164 hinc
1523 2141 1617 2173 quum

180 2177 322 2211 redierint
338 2180 377 2212 ad
391 2178 468 2213 idem
481 2180 586 2222 limen,
611 2181 675 2214 ΡΟ
686 2179 709 2213 S
718 2178 780 2213 TL
792 2179 810 2211 I
817 2175 861 2210 M
870 2178 887 2210 I
893 2177 930 2211 N
933 2178 951 2212 Ι
957 2180 987 2211 Ο
1005 2179 1163 2212 videantur
1178 2177 1303 2223 rediisse.

473 2272 635 2338 JUS
679 2270 869 2324 ANG
885 2271 934 2323 L
951 2271 1314 2325 [CANUM.

226 2371 280 2404 Ut
298 2380 367 2404 tarn
384 2371 494 2404 aretas
512 2384 580 2405 non
596 2372 641 2405 est
657 2371 745 2418 apud
764 2384 823 2406 nos
841 2373 962 2407 Patriae
1003 2373 1152 2407 otestatis
1170 2384 1285 2411 nexus,
1312 2381 1414 2414 quam
1433 2367 1519 2416 apud
1540 2370 1613 2403 Ro-

184 2429 298 2453 manos
315 2417 393 2461 fuit,
420 2417 462 2453 sic
481 2430 591 2466 neque
605 2419 650 2454 est
667 2430 736 2454 tam
751 2418 897 2454 solennis
913 2421 965 2466 eju
985 2420 1061 2454 dem
1082 2431 1141 2465 per
1158 2418 1465 2464 emancipationem
1478 2415 1611 2452 solutio.

1518 2466 1614 2500 Nam
