2059 2812
452 167 550 218 160
839 159 1098 212 Elementa
1134 159 1280 226 Juris
1315 158 1486 215 Civilis

955 263 999 310 T
1040 277 1059 312 1
1099 267 1185 311 T.·'
1223 261 1369 312 XHI.

447 342 529 394 De
568 341 936 409 Succffonibus
964 341 1194 409 Sublatir,
1231 357 1336 409 quae
1370 341 1576 405 Fie'biznt
1605 355 1697 411 per
1725 343 1880 394 Bono-

514 428 627 460 rum
649 412 709 459 V
700 407 967 461 enditiones
992 407 1064 469 &³
1086 425 1145 460 ex
1159 408 1579 478 Senatusconsultod
1593 410 1878 462 Claudiano.

503 532 539 555 1.
570 516 750 572 Qintus
788 514 1023 568 acquirendi
1054 514 1195 554 modus
1226 527 1298 566 per
1328 513 1619 555 univerfitatem
1655 527 1741 556 erat
1784 517 1884 556 olim

448 581 625 618 Bonorum
645 580 776 633 emptio
795 593 844 618 ex
869 582 915 619 L.
932 592 1009 618 ΧΠ.
1023 578 1152 618 Tabb.
1175 577 1425 626 descendens,
1454 593 1544 618 cum
1563 579 1667 618 bona
1687 580 1784 632 ejus,
1814 580 1885 633 qui

445 639 637 680 solvendo
666 653 747 678 non
778 648 877 685 erat,
917 638 1033 678 hastae
1057 638 1228 690 subjecta
1263 637 1481 677 solenniter
1511 651 1582 691 per
1610 641 1885 694 Magistratum

444 701 622 753 emptori
643 699 912 741 creditoribus
944 697 1194 738 satisfadturo
1218 698 1497 742 venderentur.

497 779 536 802 2.
566 762 643 804 Sed
661 761 738 802 illae
760 761 1013 801 venditiones
1042 775 1130 801 cum
1154 761 1311 814 judiciis
1341 761 1556 802 ordinariis
1584 763 1886 816 exspiraverint,

445 827 658 879 datumque
675 823 943 866 creditoribus
962 824 1096 864 officio
1112 824 1253 878 judicis
1272 824 1376 863 bona
1394 826 1601 877 poffidere,
1629 833 1664 868 ὃ(
1678 826 1884 867 noviffimo

443 891 604 944 quidem
623 892 708 943 jure
728 890 988 931 constitutum
1008 891 1077 937 est,
1106 899 1149 928 ut
1170 888 1294 929 miffio
1319 903 1400 929 non
1419 891 1487 930 fiat
1505 892 1545 930 in
1566 890 1747 930 universa
1767 889 1886 937 bona,

443 953 510 994 sed
533 963 688 993 tantum
711 967 787 1006 pro
811 953 1032 1006 quantitate
1052 951 1192 999 debiti.

504 1034 540 1067 3.
571 1019 707 1057 Sextus
740 1016 882 1058 modus
910 1016 1137 1069 acquirendi
1166 1029 1237 1069 per
1266 1016 1558 1057 universitatem
1581 1029 1665 1058 erat
1694 1033 1739 1058 ex
1767 1021 1883 1058 Sena-

442 1077 688 1122 tusconsulto
715 1079 953 1127 Claudiano,
981 1081 1063 1132 quo'
1091 1079 1235 1120 mulier
1264 1078 1389 1119 libera
1416 1082 1504 1133 post
1536 1082 1681 1122 trinam
1709 1082 1881 1122 Domini

490 1179 664 1212 Bonorum
691 1175 842 1221 emptio]
880 1175 914 1208 Si
944 1176 1019 1220 quis
1038 1175 1070 1207 in
1096 1174 1149 1220 jus
1167 1184 1305 1208 vocatus
1329 1174 1526 1220 potestatem
1556 1174 1605 1210 sui
1631 1189 1698 1210 non
1721 1175 1881 1218 faciebat,

443 1235 555 1270 neque
574 1221 830 1264 defendebatur,
856 1222 926 1267 ejus
944 1221 1030 1255 bona
1049 1233 1089 1254 ex
1107 1219 1218 1254 editio
1236 1220 1391 1267 poffideri
1406 1221 1629 1268 jubebantur:
1667 1224 1739 1271 post
1755 1222 1879 1257 deiude

443 1272 485 1305 iis
503 1269 691 1304 vendendis
707 1270 862 1313 Magistri
879 1267 1166 1303 constituebantur
1183 1279 1189 1300 :
1215 1272 1251 1302 &
1268 1269 1439 1314 postquam
1457 1269 1668 1315 aliquamdiu
1686 1272 1720 1305 in
1735 1270 1884 1305 celeber-

443 1319 539 1351 rimis
565 1317 648 1351 locis
679 1316 863 1364 proscripta
893 1314 1137 1362 pependiffent,
1162 1316 1308 1360 emptori
1338 1316 1394 1349 uni
1418 1328 1459 1349 ex
1487 1315 1723 1362 creditoribus,
1746 1327 1805 1352 aut
1822 1329 1881 1352 ex-

439 1375 559 1398 traneo
588 1364 693 1398 cuivis
721 1362 980 1405 addicebantur,
1005 1363 1065 1408 qui
1092 1363 1228 1396 bonorum
1249 1372 1361 1406 emptor
1389 1361 1578 1406 dicebatur,
1605 1369 1641 1399 &
1659 1363 1814 1399 omnibus
1843 1365 1879 1398 in

439 1410 585 1446 solidum
601 1409 836 1445 satisfaciebat.
890 1408 995 1452 Qod
1012 1409 1034 1443 fi
1053 1408 1240 1449 diffidebat,
1261 1421 1301 1443 ne
1319 1410 1408 1454 paria
1427 1408 1538 1444 facere
1555 1410 1673 1458 posset,
1697 1421 1769 1446 tum
1784 1420 1880 1446 ante·-

442 1471 542 1506 quarn
573 1468 712 1501 cineret,
739 1470 815 1492 cum
847 1455 1072 1490 creditoribus
1097 1455 1141 1490 de
1165 1464 1256 1489 certa
1275 1465 1368 1502 parte
1386 1455 1576 1491 decidebat.
1628 1460 1705 1492 Huc
1729 1460 1880 1505 pertinet

441 1504 534 1540 locus
553 1506 626 1539 Cic.
650 1504 692 1539 ad
712 1506 874 1538 Atticum.
889 1503 963 1536 Lib.
983 1509 1015 1537 6.
1034 1506 1093 1550 Ep.
1115 1502 1292 1536 1.——ubi
1311 1501 1496 1549 scribitfine
1510 1506 1615 1538 Edic'lo
1632 1518 1687 1539 non
1699 1505 1774 1550 poffe
1792 1515 1881 1540 tran-

435 1553 492 1597 ssgi
517 1554 552 1586 de
575 1553 654 1585 bonis
676 1552 860 1597 possidendis,
888 1550 1034 1595 magistris
1054 1550 1220 1594 faciendis,
1245 1549 1428 1590 vendendis;
1467 1552 1522 1584 haec
1548 1553 1626 1586 enim
1651 1565 1688 1586 ex
1711 1554 1813 1595 ediao,
1839 1550 1878 1586 (ἶς’

437 1598 590 1644 postulari,
614 1598 1026 1644 &fierifiilereae--Item
1045 1596 1131 1631 illud
1145 1609 1189 1631 ex
1207 1598 1304 1630 Orat.
1326 1608 1387 1642 pro
1404 1598 1579 1642 Qindtio,
1606 1610 1677 1644 cap.
1698 1611 1750 1644 15.

443 1649 531 1687 Cujus
553 1647 624 1680 bona
643 1659 680 1679 ex
698 1647 788 1679 edicto
801 1646 992 1689 possidentur,
1015 1645 1097 1686 liujus
1118 1649 1208 1678 omnis
1219 1643 1311 1688 fama
1332 1641 1369 1677 ὠ
1395 1644 1572 1686 existimatio
1602 1657 1668 1680 cum
1694 1648 1769 1680 bonis
1784 1646 1876 1692 fimul

437 1694 608 1738 possidetur,
625 1694 661 1726 de
675 1705 730 1737 quo
746 1692 834 1725 libelli
851 1693 880 1725 in
898 1692 1090 1726 celeberrimis
1106 1693 1178 1724 locis
1191 1699 1387 1735 proponuntur
1402 1706 1412 1730 ;
1438 1692 1506 1724 huic
1523 1704 1559 1726 ne
1571 1695 1668 1736 perire
1685 1695 1805 1737 quidem
1823 1703 1876 1726 ta-

440 1739 512 1782 citl’„
539 1737 709 1783 obscurique
728 1740 916 1779 conterinum
953 1740 999 1772 cui
1017 1738 1147 1783 magistri
1161 1738 1252 1783 fiunt,
1280 1737 1317 1772 ci*
1334 1738 1443 1771 domini
1461 1738 1668 1780 constituuntur
1686 1756 1697 1782 3
1733 1743 1783 1785 qui
1813 1752 1874 1784 qua

441 1790 516 1831 lege,
544 1786 581 1821 ὠ
595 1798 653 1830 qua
669 1787 832 1820 conditione
845 1795 962 1830 pereat,
984 1787 1188 1829 pronuntient.

491 1836 539 1867 Ex
554 1831 847 1867 Senatusconsulto
864 1831 1071 1877 Claudiano]
1106 1832 1282 1876 Qoniam
1299 1833 1472 1866 Claudianis
1490 1832 1698 1881 temporibus
1716 1833 1878 1878 gliscebat

441 1879 536 1926 supra
555 1880 691 1914 modurn
707 1892 800 1914 amor
817 1881 1035 1923 ingenuarum
1051 1878 1229 1914 mulierum
1248 1890 1325 1922 erga
1345 1878 1454 1913 servos
1472 1880 1612 1923 alienos,
1637 1890 1741 1927 atque
1758 1881 1791 1914 hi
1811 1880 1877 1915 foe-

442 1928 561 1961 mineis
581 1926 745 1960 illecebris
763 1925 806 1959 ab
826 1927 985 1972 operibus
1004 1930 1039 1961 ὃς
1062 1926 1196 1960 servitio
1212 1925 1463 1960 abducebantur
1479 1944 1490 1968 3
1526 1929 1744 1971 ingenuarum
1763 1937 1875 1962 autem

441 1974 619 2008 mulierum
639 1972 725 2007 fama
744 1978 779 2007 δε
796 1973 905 2020 proles
922 1972 1047 2007 servilis
1075 1972 1228 2007 libidinis
1253 1972 1328 2007 labe
1346 1972 1627 2015 suffundebatur;
1663 1976 1814 2009 Pallantis
1831 1975 1874 2008 li-

441 2021 528 2056 berti
545 2021 678 2055 monitu
696 2022 832 2054 inventa
846 2021 935 2054 ratio
949 2020 1006 2062 est,
1023 2031 1088 2065 qua
1103 2022 1327 2064 ingenuarum
1343 2021 1454 2064 turpia
1471 2033 1545 2055 cum
1559 2020 1658 2055 servis
1674 2023 1875 2056 commercia

440 2069 694 2102 dirimerentur.
747 2068 871 2114 Itaque
892 2070 972 2116 Sylla
1005 2071 1041 2102 δε
1066 2069 1182 2102 Othone
1214 2068 1318 2102 Coss.
1349 2070 1385 2101 A.
1403 2067 1443 2102 V.
1462 2067 1500 2100 C.
1534 2080 1675 2102 uccclv.
1711 2067 1874 2102 Claudius

441 2113 548 2158 Caesar
566 2116 600 2148 in
620 2115 741 2149 Senatu
764 2114 802 2147 eii
826 2113 869 2148 de
895 2126 929 2148 re
953 2115 1139 2148 orationem
1168 2113 1298 2156 habuit,
1326 2117 1361 2148 δε
1390 2115 1422 2147 in
1446 2115 1536 2148 illius
1562 2113 1762 2149 sententiam
1780 2117 1810 2151 S.
1830 2116 1870 2150 C.

440 2162 566 2200 stastum
583 2161 638 2203 est,
665 2159 758 2208 quod
776 2162 978 2196 Claudianum
993 2160 1033 2194 ab
1052 2163 1196 2196 Auum-e
1214 2165 1248 2195 δε
1267 2160 1408 2194 Suasore
1426 2161 1552 2195 Claudio
1570 2161 1636 2195 fuit
1651 2162 1870 2208 appellatum.

489 2209 597 2255 Hujus
620 2207 899 2242 senatusconsulti
930 2207 1065 2242 historia
1089 2208 1134 2241 est
1157 2207 1245 2250 apud
1265 2208 1379 2241 Tacit.
1397 2207 1473 2241 Lib.
1492 2221 1568 2243 ΧΠ.
1589 2221 1661 2254 cap.
1683 2222 1734 2255 53.

441 2259 524 2291 Inter
552 2268 612 2301 qua
639 2255 769 2300 refertur
796 2258 836 2289 ad
865 2258 973 2291 Patres
1002 2256 1038 2289 de
1058 2253 1144 2297 poeni
1162 2255 1366 2298 ‚flemmarum
1392 2266 1451 2298 quae
1477 2254 1574 2299 servis
1601 2260 1870 2301 conjungerentur3

432 2305 647 2350 statuiturque,
674 2311 708 2336 ut
736 2304 840 2347 ignaro
871 2304 985 2339 domino
1003 2303 1090 2338 adid
1108 2302 1257 2347 prolapsu,
1284 2301 1480 2346 inservitum·
1496 2317 1506 2336 :
1539 2304 1585 2348 fin
1616 2303 1797 2349 sonsenfiffct,
1819 2312 1871 2347 pro

440 2352 558 2388 libertis
570 2350 760 2386 haberentur.

1555 2396 1874 2450 prohibitionem
