2059 2812
537 135 1344 204 PROOEMIUM.
1554 133 1681 198 'xvii

247 265 333 315 sub
364 263 752 330 Imperatoribus
780 264 886 328 post
917 261 1211 328 Augustum,
1255 280 1364 329 quae
1393 261 1678 327 supremam

236 340 362 404 juris
372 342 540 407 scripti
556 353 747 407 partem
761 339 1090 401 constituunt3
1125 338 1430 389 Prudentum
1449 336 1677 388 enimRe-

231 414 408 483 sponsa
443 418 493 467 in
518 418 708 483 Repub.
730 416 884 465 libera
908 414 1009 464 fine
1036 414 1340 464 authoritate
1370 412 1567 479 publica
1596 412 1676 462 da-

246 493 442 553 bantur,
469 496 520 546 &
540 490 758 559 pro-jure
775 507 871 540 non
878 487 1063 557 scripto
1080 489 1250 539 habita
1266 489 1377 539 sunt
1394 506 1411 551 ·,
1448 489 1555 553 post
1569 489 1677 537 Au-

239 567 432 632 gustum
453 585 589 628 ver0,
629 568 663 617 ii
692 567 777 616 soli
803 566 864 616 de
890 565 1002 629 jure
1031 564 1405 630 respondebant,
1442 563 1615 628 quibus
1652 580 1680 610 a

245 644 467 711 Principe
506 645 780 695 conceffum
818 643 918 705 est,
958 658 1128 692 eorum
1156 659 1277 693 vero
1305 641 1546 706 responsa,
1573 654 1679 703 quae

241 719 442 785 Judices
458 721 587 786 sequi
606 720 917 778 tenebantur,
958 727 1151 783 partem
1157 714 1296 783 juris
1312 712 1487 784 scripti
1506 712 1679 764 consti-

246 806 408 847 tuunt.

313 874 391 924 Ex
417 875 491 924 his
515 875 681 939 itaque
707 872 929 938 partibus
948 871 1199 920 constabat
1218 869 1319 935 Jm
1339 869 1483 920 civile
1501 867 1680 918 Roma-

246 965 420 999 norum
455 953 601 1016 usque
633 951 694 1000 ad
716 946 1060 1014 Justinianum
1091 948 1479 1012 Imperatorem,
1517 945 1567 993 in
1587 961 1682 1008 quo

247 1028 370 1077 nihil
399 1027 692 1094 reprehendi
717 1026 880 1091 potuit
907 1036 1087 1090 praeter
1119 1026 1330 1090 copiam,
1368 1025 1459 1088 qua
1492 1022 1682 1071 labora·

248 1104 325 1154 vit
354 1106 478 1155 adeo
503 1106 656 1155 etiam
678 1105 729 1154 in
745 1105 868 1168 Rep.
893 1103 1067 1163 libera,
1105 1114 1161 1152 ut
1191 1101 1362 1167 Julius
1385 1098 1568 1165 Caesar,
1607 1097 1683 1147 ci.-

251 1194 374 1238 cer0,
395 1183 445 1230 &
467 1181 717 1245 Pompeius
736 1181 797 1227 de
811 1181 926 1243 Jure
945 1179 994 1226 in
1021 1180 1247 1227 ordinem
1267 1177 1537 1240 redigendo
1554 1175 1685 1240 cogi-

250 1267 444 1318 tarent3
481 1271 657 1305 verum
692 1255 778 1303 sub
808 1253 1206 1319 Imperatorz'bus,
1233 1264 1416 1316 praeter
1437 1253 1685 1301 Constitu-

249 1331 427 1392 tiones,
447 1330 708 1396 Responsa,
726 1329 998 1393 scriptaque
1016 1327 1484 1394 jurisconsultorum
1507 1327 1556 1375 in
1573 1344 1686 1376 eum

249 1426 515 1460 numerum
533 1418 873 1468 excreverant,
912 1418 970 1457 ut
988 1407 1085 1456 duo
1107 1405 1257 1456 millia
1283 1406 1529 1455 librorum
1554 1414 1686 1453 exta-

250 1497 363 1536 rent
390 1504 405 1550 ·,
439 1488 666 1552 moleque
684 1486 766 1535 sua
790 1486 876 1552 Jus
902 1486 1186 1534 Romanum
1213 1483 1335 1533 adeo
1353 1480 1621 1533 Confusum
1643 1497 1688 1529 e-

251 1575 347 1624 rat,
385 1575 439 1613 ut
467 1561 753 1629 Justiniano
783 1578 904 1627 opus
937 1561 1073 1621 effet,
1110 1560 1191 1625 qui
1227 1558 1467 1610 immensa
1502 1556 1687 1608 veteris

243 1640 652 1705 jurisprudentiae
673 1639 927 1691 volumina
947 1638 996 1687 in
1014 1638 1317 1686 luculentam
1343 1635 1555 1699 erigeret
1578 1650 1689 1682 con-

250 1716 559 1779 sonantiam3
597 1717 729 1781 quod
756 1732 868 1765 cum
886 1714 1076 1764 summa
1100 1713 1292 1778 generis
1325 1710 1530 1761 humani
1558 1709 1690 1760 utili-

252 1805 359 1843 tate
379 1794 593 1843 feliciter
615 1793 839 1858 perfecit.
915 1791 1265 1856 Progredimur
1285 1806 1402 1854 ergo
1424 1788 1485 1837 ad
1511 1788 1692 1852 postre-

253 1889 391 1922 mam
416 1870 821 1937 Jurisprudentiae
863 1870 1102 1919 Romanae
1134 1867 1430 1926 Periodum,
1479 1882 1625 1930 quam
1663 1883 1689 1914 a

250 1948 604 2013 JUSTINIANI
626 1945 948 2011 Imperatoris
967 1946 1275 2010 temporibus
1301 1944 1600 1993 inchoamus.
1672 1943 1677 1947 ’

325 2027 452 2073 Cum
473 2023 892 2072 animadverteret
908 2017 1224 2085 Justiniambs
1250 2018 1577 2068 miserrimam
1596 2015 1688 2066 effe

255 2098 652 2164 Jurisprudentiae
674 2097 866 2156 facicm,
903 2096 1019 2144 dum
1040 2095 1304 2160 imperium
1323 2095 1380 2144 ab
1404 2093 1620 2143 hostibus
1638 2091 1690 2139 li-

259 2177 467 2235 beraret,
501 2177 633 2240 leges
659 2175 810 2224 etiam
842 2174 900 2223 ab
930 2172 1224 2222 obscuritate
1251 2170 1437 2221 studuit
1470 2171 1696 2233 erssipere3

263 2263 412 2315 atque
429 2251 530 2316 ipso
552 2252 697 2302 initio
719 2249 913 2315 imperii
930 2248 1000 2299 sui
1019 2248 1079 2298 ad
1104 2265 1182 2298 eas
1205 2242 1584 2313 componendas,
1616 2243 1703 2291 in·-

1006 2348 1060 2380 c.
1480 2326 1496 2349 '
1598 2343 1693 2391 que
