2059 2812
595 128 704 181 Lib.
742 128 833 180 m.
908 128 1006 201 Tit.
1046 128 1187 181 XXI.
1512 133 1611 193 187

228 244 265 277 9.
297 228 534 270 Beneficium
564 241 860 270 CEDENDARVM
879 242 1119 271 ACTIONVM
1137 227 1352 282 fidejussori
1370 228 1440 266 uni
1461 227 1501 266 in
1514 228 1609 268 soli-

172 291 264 333 dum
285 291 465 330 soluturo
485 290 682 342 indulget,
711 302 756 330 ut
775 303 986 344 antequam
1006 292 1147 340 solvat,
1177 289 1354 331 creditor
1374 290 1411 330 ei
1433 289 1608 330 actiones

169 353 352 394 adversus
369 354 688 407 confidejuss'ores
706 354 845 395 cedere
865 364 1061 403 teneatur,
1080 355 1220 408 quibus
1233 353 1345 407 quod
1360 353 1466 394 ultra
1484 362 1607 393 ratam

169 417 304 465 solvit,
332 431 353 455 a
374 416 742 470 confidejufforibus
761 428 943 469 repetere
965 418 1094 470 poffit.

227 493 288 517 ιο.
320 479 518 518 Caeterum
550 492 630 517 non
662 478 830 517 dubium
863 480 931 526 est,
967 479 1060 531 quin
1091 479 1170 518 illis
1201 479 1400 519 beneficiis
1434 480 1495 518 uti
1528 492 1609 518 non

169 540 284 594 poffit
302 540 516 593 fidejussor,
545 541 614 593 qui
634 541 713 580 illis
736 541 944 581 manifesto
967 542 1230 582 renunciavit,
1289 545 1376 585 Nec
1393 543 1497 581 ratio
1514 543 1609 595 juris

168 606 335 658 patitur,
355 615 398 644 ut
413 605 581 658 gaudeat
594 604 795 658 fidejuffor
810 605 875 645 vel
894 606 1030 645 ordinis
1049 605 1258 654 beneficio,
1274 619 1362 646 cum
1381 606 1608 646 debitorem

168 668 311 718 abesse,
330 678 395 708 aut
414 682 495 707 non
515 667 709 709 solvendo
724 669 800 708 esse
819 670 969 709 constat
986 690 997 720 3
1028 670 1092 710 vel
1112 670 1321 723 Divzstwzis,
1340 685 1430 712 cum
1443 680 1609 711 caeteros

167 730 411 785 fidejull'ores
429 730 574 771 frustra
592 732 800 772 conveniri
818 732 1069 772 manifestum
1087 735 1155 774 est.

666 849 712 897 T
751 864 772 897 1
811 865 862 896 T.
934 849 1106 898 XXII.

464 951 545 1002 De
576 951 870 1003 Literarum
905 955 1310 1021 Obligationibm.

230 1072 264 1099 1.
294 1060 388 1100 Non
410 1057 529 1097 ullius
549 1062 701 1098 temere
721 1060 999 1101 conventionis
1018 1060 1229 1101 obscurior
1245 1061 1361 1101 nobis
1385 1069 1526 1102 natura
1543 1065 1614 1111 est,

170 1136 287 1176 quam
314 1123 553 1170 contradims,
596 1124 665 1175 qui
699 1123 818 1162 literis
851 1124 1003 1176 initur3
1050 1126 1089 1165 in
1125 1139 1206 1177 quo
1243 1125 1479 1179 explicando
1513 1127 1614 1167 adeo

172 1186 364 1227 fluctuant
388 1184 557 1233 eruditi,
599 1196 643 1225 ut
671 1200 789 1239 quem
816 1186 1056 1240 potiffimum
1084 1187 1268 1241 sequaris,
1311 1189 1376 1229 vix
1411 1189 1612 1242 adpareat.

171 1248 523 1303 Qemadmodum
539 1261 638 1288 vero
653 1249 898 1289 Contractus
918 1250 1037 1288 reales
1066 1263 1136 1289 RE1
1164 1249 1413 1303 traditione3
1451 1252 1614 1293 verbale:

174 1327 412 1353 VERBORVM
449 1312 716 1364 solennitate3
757 1316 1000 1367 consensuales
1029 1315 1117 1354 solo
1150 1315 1475 1357 contrahentium
1508 1331 1616 1361 coN-

171 1389 322 1427 >SENsv3
356 1375 412 1414 ita
431 1376 594 1415 literalis
615 1389 784 1417 Li’rssms
812 1378 1016 1430 perficitur
1029 1384 1064 1420 ὃ(
1083 1380 1191 1431 capit
1210 1378 1475 1422 substantiam.

226 1456 265 1481 2.
299 1440 527 1482 Literarum
549 1440 841 1495 obligationem
860 1441 975 1482 aliam
993 1452 1151 1482 veterem
1167 1448 1201 1483 ὃ(
1219 1443 1470 1497 antiquatam,
1498 1445 1616 1487 aliam

278 1555 329 1622 J
348 1556 448 1607 US
482 1556 671 1606 ANG
688 1556 736 1607 L
753 1557 1134 1610 [CANUM.
1160 1559 1220 1609 ad
1241 1559 1342 1612 Tit.
1357 1562 1502 1611 XXI.

224 1662 338 1706 Qem
352 1663 403 1708 jus
422 1662 520 1697 civile
537 1662 753 1707 Ftdejuffiarem,
780 1677 857 1699 eum
875 1664 927 1710 jus
947 1664 1090 1698 nostrum
1107 1667 1244 1710 Plegium
1262 1675 1372 1700 vocat.
1422 1667 1510 1700 Cum
1530 1677 1613 1711 ergo

176 1709 262 1754 quid
290 1710 439 1743 creditur
468 1710 584 1751 alicui,
621 1710 706 1744 solet
736 1709 771 1744 id
799 1710 1001 1758 plerumque
1032 1711 1124 1745 credi
1153 1711 1211 1746 sub
1240 1712 1428 1758 plegiorum
1457 1712 1610 1748 datione.

176 1758 260 1800 Qo
285 1755 373 1798 casu,
398 1755 420 1789 fi
448 1755 641 1803 principalis
664 1757 802 1791 debitor
830 1759 877 1791 ita
908 1757 986 1791 inde
1003 1757 1180 1801 defecerit,
1207 1769 1244 1792 ut
1271 1772 1338 1793 non
1365 1758 1496 1802 habeat,
1522 1760 1612 1796 unde

177 1803 304 1838 solvere
323 1803 433 1849 poffit,
459 1814 538 1838 tunc
555 1803 689 1838 demum
708 1803 945 1838 recurrendum
965 1806 1030 1838 erit
1055 1804 1096 1839 ad
1115 1806 1260 1849 Plegios,
1288 1809 1324 1840 δε
1344 1819 1410 1840 non
1428 1816 1535 1841 antea.

227 1852 404 1884 Tenentur
422 1861 534 1885 autern
553 1851 675 1894 Plegii‚
701 1850 722 1884 fi
743 1851 853 1898 plures
871 1850 1008 1893 fuerint,
1034 1852 1153 1896 singuli
1181 1854 1216 1886 in
1245 1852 1403 1895 solidum,
1429 1853 1487 1887 nifi
1511 1854 1613 1888 aliter

177 1900 385 1939 convenerit,
411 1897 546 1944 quando
562 1896 593 1931 se
619 1898 747 1944 plegios
774 1899 854 1932 inde
870 1898 1026 1941 fecerint,
1053 1904 1090 1934 &
1108 1899 1149 1933 ad
1167 1899 1200 1933 id
1228 1898 1499 1935 satisfaciendum
1517 1900 1613 1936 fimul

179 1943 253 1978 sunt
272 1943 469 1989 distrigendi
487 1962 496 1986 ;
523 1947 572 1979 ita
598 1955 632 1978 ut
660 1945 683 1979 fi
712 1945 823 1990 plures
840 1945 912 1980 dati
931 1944 1059 1980 fuerint
1077 1948 1197 1990 plegii,
1223 1951 1259 1982 δε
1277 1946 1396 1993 aliqui,
1422 1947 1472 1982 vel
1491 1949 1613 1994 aliquis

179 2003 295 2024 eorum
312 2005 377 2025 non
398 1991 543 2026 habeant
560 1992 648 2026 unde
666 1992 808 2027 reddere
826 1993 956 2038 possint,
982 1993 1085 2039 ipsum
1101 2006 1183 2028 onus
1201 1995 1439 2041 acquietantiae
1457 1994 1499 2029 ad
1514 2005 1613 2030 caete-

179 2050 234 2072 ros
255 2037 304 2072 vel
322 2040 355 2072 in
375 2049 483 2073 totum
505 2038 642 2086 spectat,
668 2039 717 2073 vel
738 2040 770 2073 in
791 2051 953 2086 quantum
971 2040 1022 2074 illi
1037 2040 1236 2076 defecerint.

226 2085 352 2119 Verum
381 2085 404 2120 fi
427 2086 584 2121 debitore
602 2086 718 2132 aliquo
737 2086 917 2133 plegiando
936 2087 1042 2132 Plegii
1061 2101 1122 2135 pro
1148 2089 1248 2122 certis
1266 2087 1414 2136 partibus
1437 2086 1508 2122 dati
1538 2087 1611 2123 fue-

180 2132 258 2175 rint,
282 2133 449 2179 quicquid
465 2133 508 2168 de
526 2133 725 2179 quibusdam
743 2146 859 2169 eorum
879 2134 1068 2182 plegiorurn
1093 2137 1290 2180 contigerit,
1314 2135 1438 2182 reliqui
1464 2148 1531 2170 non
1551 2134 1612 2169 nifi

181 2190 242 2224 pro
259 2179 409 2224 partibus
428 2181 492 2215 suis
509 2180 587 2215 inde
604 2180 805 2228 respondere
823 2193 996 2226 cogentur.

229 2226 333 2270 Plcgii
352 2237 477 2271 autem,
503 2227 525 2261 fi
540 2228 584 2262 ob
598 2228 767 2264 defeecum
785 2230 978 2276 principalis
995 2232 1251 2273 conveniantur,
1278 2234 1316 2266 δε
1340 2230 1516 2277 pecuniam
1533 2239 1613 2276 pro-

181 2272 309 2308 miffam
327 2272 451 2310 solvere
470 2285 644 2320 cogantur,
669 2277 837 2312 affionem
855 2276 946 2312 suam
961 2288 1078 2314 contra
1092 2291 1170 2314 eum
1185 2277 1323 2313 habent.

890 2365 926 2404 A
945 2376 966 2402 a
996 2377 1018 2402 2
1481 2373 1613 2402 novam
