2059 2812
615 150 724 202 Lib.
758 150 847 203 III.
921 150 1017 204 Tsst.
1055 149 1174 205 XV.
1514 166 1610 216 177

243 261 302 296 14.
332 250 392 287 Ex
413 246 489 287 hoc
513 247 634 289 etiam
657 250 867 290 contractu
892 249 1066 290 nascitur
1085 250 1248 305 Duplex
1269 247 1453 302 Depofiti
1477 250 1611 299 Aetio,

182 311 328 350 DireHa
345 317 380 352 δι
400 310 594 352 contraria.
653 311 802 350 DireHa
820 311 937 351 datur
957 310 1174 363 deponenti
1201 312 1384 353 adversus
1401 310 1611 365 Depofita-

181 372 284 412 rium
302 372 461 425 ejusque
476 372 652 413 haeredes
669 373 720 413 ad
736 387 818 414 rem
834 373 1047 427 depofitam
1064 376 1105 414 in
1119 375 1248 427 specie
1263 365 1480 417 cum⁰omni
1499 374 1627 415 caus&

180 433 475 483 restituendam,
505 435 870 487 resarciendumque
897 436 1083 477 damnum
1101 436 1215 485 dolo,
1241 444 1276 480 ὃς
1294 437 1413 491 culpa
1440 436 1522 477 latii
1545 437 1612 477 da-

180 506 358 537 tum.—
371 499 560 538 Contraria
578 499 696 539 datur
713 498 952 553 depofitario
969 499 1152 541 adversus
1173 500 1455 554 deponentem,
1482 500 1611 554 ejusve

177 557 354 598 haeredes
374 561 421 599 ad
443 560 754 603 indemnitatem.

238 636 255 659 1
266 634 302 666 5.
334 624 393 661 Ex
404 621 587 676 sequestro
605 624 722 664 etiam
737 624 911 665 nascitur
929 624 1035 664 actio
1048 625 1310 678 Sequestraria
1327 623 1461 665 direila
1478 628 1513 665 &
1528 621 1610 665 'con-

178 684 319 724 traria.
379 684 525 724 Direaea
543 684 662 724 datur
681 686 789 737 parti
806 687 964 726 vietrici
991 687 1173 727 adversus
1191 690 1438 740 Sequestrum
1460 687 1511 728 ad
1526 701 1610 729 rem

177 745 394 797 depofitam
407 748 517 787 finita
532 747 605 786 lite
625 747 917 796 restituendam,
945 753 979 789 ὃ(
993 748 1253 799 praestandum
1267 750 1418 797 dolum,
1436 756 1472 791 ὅ(
1485 748 1612 803 fiquid

176 818 371 860 praeterea
390 808 628 849 nominatim
647 811 920 850 convenit.——
936 810 1055 850 Aetio
1066 810 1332 862 Sequestraria
1345 811 1525 852 contraria
1541 813 1612 860 est,

178 883 267 921 quae
295 871 411 911 datur
446 872 514 925 ipfi
546 872 752 923 Sequestro
779 871 961 911 adversus
992 874 1224 922 Victorem,
1267 874 1316 913 ad
1349 874 1609 928 repetendum

177 932 353 985 sumptus
384 939 418 975 ἃ
446 933 600 982 damna,
640 931 666 972 fi
696 934 795 986 quid
826 948 967 974 eorum
1000 937 1325 989 sequestrationis
1353 937 1467 978 causa
1495 936 1611 987 fecit,

175 995 351 1045 paffusve
370 996 436 1034 est.

235 1065 294 1095 16.
323 1060 432 1108 Saepe
457 1069 614 1108 quoque
640 1055 740 1097 solet
761 1056 970 1098 Creditori
992 1058 1034 1098 in
1055 1058 1306 1100 securitatem
1326 1059 1471 1101 crediti
1489 1061 1612 1110 tradi,

177 1128 244 1157 aut
275 1118 451 1172 affignari
477 1110 718 1158 a‘Debitore
737 1130 844 1160 certa
863 1121 1059 1173 quaepiam
1075 1125 1156 1163 Res
1174 1136 1302 1164 chNo
1310 1138 1373 1164 ms
1392 1133 1461 1163 aut
1479 1138 1611 1165 Hyro-

178 1191 329 1222 THECAE
357 1181 532 1227 nomine,
571 1179 775 1234 quousque
806 1182 909 1222 istud
938 1181 1062 1223 fuerit
1087 1184 1324 1228 exsolutum.
1379 1186 1504 1239 Cujus
1523 1188 1612 1228 finis

176 1245 232 1282 est
253 1257 336 1282 non
359 1243 500 1293 solum,
527 1253 572 1281 ut
599 1242 762 1282 debitor
784 1243 834 1284 ad
859 1243 1094 1286 solvendum
1118 1257 1307 1301 urgeatur
1329 1247 1524 1288 defiderio
1550 1248 1612 1290 rei

176 1303 252 1345 suae
273 1303 579 1357 recuperandae:
609 1303 676 1344 sed
701 1312 736 1347 ἃ
757 1315 802 1345 ut
828 1307 869 1345 in
893 1318 1084 1361 promptu
1110 1307 1170 1358 fit,
1198 1309 1303 1349 unde
1322 1309 1393 1350 fibi
1416 1309 1609 1352 solvatur.

175 1368 275 1409 Inde
302 1370 539 1422 regulariter
563 1376 598 1411 ὃ(
621 1370 791 1424 pignora
818 1373 919 1412 tanti
943 1382 1011 1412 aut
1039 1374 1199 1428 majoris
1226 1374 1302 1413 esse
1324 1373 1467 1421 solent,
1493 1387 1612 1427 quam

176 1430 305 1483 ipsum
328 1430 518 1471 debitum.
574 1431 775 1471 Caeterum
796 1445 856 1472 res
872 1447 957 1486 quae
976 1435 1138 1488 pignori
1158 1444 1416 1488 opponuntur
1434 1435 1524 1476 sunt
1545 1437 1611 1478 vel

169 1494 355 1547 fruHuosae
383 1493 446 1534 vel
468 1492 626 1544 steriles.
683 1496 801 1536 Circa
832 1497 988 1548 priores
1024 1496 1126 1550 saepe
1157 1497 1278 1550 adjici
1316 1498 1418 1539 solet
1448 1501 1611 1553 pazstum

176 1559 393 1612 deggvfmc,
423 1555 488 1595 seu
510 1565 553 1595 ut
573 1555 753 1597 creditor
767 1558 861 1599 loco
887 1558 1013 1599 usurae
1028 1558 1182 1600 fruetus
1202 1560 1307 1600 istius
1326 1560 1508 1614 pignoris
1521 1575 1612 1615 per-

177 1623 313 1673 cipiat.
371 1612 489 1660 Circa
529 1621 769 1672 posteriores
805 1632 934 1663 autem
969 1624 1049 1662 Lex
1086 1624 1324 1678 Commzffivria
1339 1653 1352 1674 ‚
1395 1635 1439 1665 ut
1467 1640 1610 1680 nempe

176 1684 319 1739 pignus
344 1683 457 1725 cedat
483 1682 693 1734 creditori,
716 1685 787 1725 ubi
814 1687 919 1727 intra
941 1697 1091 1729 certum
1114 1697 1269 1744 tempus
1287 1689 1435 1730 solutio
1456 1703 1541 1732 non
1565 1690 1610 1731 fit

507 1791 681 1836 Visceribus,
706 1796 762 1827 SA
773 1796 800 1828 C
806 1795 872 1829 RV
872 1794 917 1828 M
937 1796 991 1830 tibi
1008 1797 1084 1842 quod
1097 1809 1153 1833 non
1168 1797 1276 1832 reddat
1290 1799 1404 1834 amicus

511 1839 545 1873 D
554 1840 582 1872 E
593 1838 617 1871 Ρ
626 1842 655 1872 Ο
666 1842 690 1873 S
698 1841 716 1874 I
725 1840 758 1873 T
761 1842 790 1876 V
791 1841 844 1876 M.

178 1887 223 1920 Et
240 1897 271 1921 v.
287 1889 343 1920 60.

511 1932 599 1966 Nunc
606 1932 633 1978 fi
649 1934 910 1970 DEPOSITVM
927 1948 981 1971 non
997 1937 1140 1983 inficietur
1157 1941 1285 1982 amicus,

509 1979 544 2011 Si
561 1980 667 2012 reddat
684 1991 812 2016 veterem
828 1994 893 2017 cum
914 1992 977 2017 tota
994 1987 1118 2029 aerugine
1128 1985 1245 2028 fhlkm,

507 2025 677 2070 Prodigiosa
694 2028 784 2071 fides,
810 2027 847 2064 ὠ·
869 2030 970 2074 Tuscis
993 2031 1085 2074 digna
1111 2033 1222 2075 libeuu,

508 2071 648 2118 Qaeque
665 2072 802 2108 coronari
819 2074 936 2121 lustrari
954 2077 1058 2111 debeat
1083 2076 1174 2123 agnai.

180 2154 224 2186 D.
244 2149 414 2198 Apostolus
430 2148 481 2183 bis
503 2160 584 2184 voce
601 2142 808 2192 Quanam
833 2155 954 2196 utitur,
980 2166 1097 2202 nempe
1122 2168 1137 2191 1
1160 2155 1242 2192 Tim.
1263 2168 1318 2192 vx.
1339 2167 1396 2190 20.
1426 2158 1464 2192 δε
1485 2168 1505 2191 2
1523 2156 1604 2192 Ta'm.

179 2200 207 2233 I.
227 2209 278 2242 14.
306 2196 360 2230 ubi
377 2195 598 2231 Timotheum
617 2196 709 2233 suum
729 2200 800 2234 vult
818 2201 863 2233 τ’»ἷν
877 2202 1095 2242 παρμκαταθύιιην
1110 2203 1249 2241 φυλάσσειν,
1273 2214 1484 2239 DEPOSITVM
1501 2203 1608 2236 custo-

179 2244 266 2326 gm,
285 2241 326 2297 'id
343 2242 400 2286 est,
425 2242 607 2288 diligenter
624 2241 751 2281 servare
773 2245 891 2293 fidem,
917 2259 1018 2295 quam
1041 2258 1077 2283 ut
1108 2262 1320 2287 οενοειτνΜ
1351 2248 1410 2295 ipfi
1436 2260 1607 2283 commen-

206 2299 321 2325 avent·

923 2356 957 2394 Z
1433 2352 1435 2355 ’
1502 2352 1609 2396 faCta
