2059 2812
655 135 764 187 Lib.
802 135 868 186 Π.
939 134 1035 188 Tit.
1069 134 1107 186 J.
1510 99 1603 200 *77

177 245 373 293 perpetuo
394 243 588 276 maneant.
646 237 795 275 Locum
824 243 955 274 autem
984 231 1214 286 religiosum
1238 233 1405 286 quilibet
1428 234 1605 286 privatus

178 300 334 353 quidem
353 298 410 337 ita
428 295 540 344 facit,
559 294 585 335 fi
605 295 727 335 modo
746 296 945 335 Dominus
973 295 1017 334 fit
1045 308 1091 333 ex
1120 294 1208 335 asse.
1264 298 1367 336 Nam
1385 309 1457 335 nec
1475 294 1602 336 socius

178 362 304 401 invito
323 359 433 399 socio
452 373 498 399 ex
518 359 611 398 loco
639 369 741 408 puro
762 356 960 394 communi
989 353 1219 405 religiosum
1238 355 1367 397 facere
1384 358 1527 409 potest,
1554 357 1602 397 li-

176 435 238 465 cet
256 424 295 462 in
316 437 524 464 commune
543 419 795 473 sepulchrum
815 416 945 458 invito
965 429 1014 456 eo
1034 425 1236 455 mortuum
1255 420 1363 459 reete
1387 417 1549 461 inferat.

172 529 386 566 Mausoleum
404 531 515 571 inane,
542 528 604 563 sive
615 530 873 562 Monumentum
892 535 1011 571 purum
1026 526 1197 559 memoriae
1209 535 1336 559 tantum
1351 528 1448 561 causa
1463 527 1599 572 fastum,

173 579 264 624 quod
279 579 388 612 Graeci
405 579 474 608 κενὸν
488 577 586 617 (avim,
613 580 647 610 ὃ(
669 586 735 608 uno
752 571 853 607 verbo
870 570 1014 609 ustrou-dvm
1033 572 1214 617 appellant,
1233 571 1426 616 religiosum
1443 587 1509 608 non
1523 574 1600 616 effe,

172 625 252 659 licet
269 626 385 658 contra
404 622 538 658 senserit
553 623 736 657 Marcianus
750 630 860 654 motus
877 620 1074 653 auctoritate
1096 620 1213 663 Virgilii
1229 620 1343 665 AEn.3.
1359 632 1473 667 v.303.

983 666 1153 710 Manesque
1170 666 1294 700 vocabat

503 716 685 751 Hec‘toreum
699 714 737 748 ad
752 715 914 754 tumulum,
940 714 1029 747 viridi
1042 725 1130 758 quem
1148 713 1253 757 cespite
1266 715 1282 746 1
1289 714 1352 747 NA
1359 715 1426 748 NE
1436 713 1492 756 M,

503 765 547 797 Et
556 765 707 807 geminas,
738 760 857 805 causam
873 759 1042 806 lachrymis,
1065 759 1246 804 sacraverat
1263 772 1346 793 aras.

169 812 290 848 Similis
307 810 400 846 locus
417 809 463 844 cst
481 808 629 855 ejusdem
649 810 770 850 Poetae,
798 806 872 840 Lib.
887 811 917 839 6.
931 818 1043 850 V.15o.

505 857 587 891 Tunc
605 864 715 900 egomet
732 856 881 888 tumulum
899 854 1012 886 Rhaeteo
1030 854 1060 886 in
1075 853 1175 887 littore
1190 854 1208 886 I
1214 854 1278 886 NA
1288 854 1357 888 NE
1366 854 1412 887 Μ

502 903 656 949 Constitui,
684 900 720 936 (ΞΝ
739 899 849 946 magnai
869 912 970 934 manes
985 910 1031 933 ter
1049 912 1115 934 voce
1132 902 1244 934 vocavi.

216 951 391 995 ReIIgiosa
414 949 501 999 apud
527 951 700 984 Romanos
730 948 803 982 loca
832 946 958 993 semper
983 958 1075 980 erant
1100 955 1194 979 extra
1222 945 1337 980 urbem
1365 947 1399 980 in
1427 949 1536 992 Agris,
1563 948 1597 984 &

169 1001 314 1036 maxime
342 1009 480 1045 propter
506 998 571 1030 vias
588 995 750 1044 publicas,
772 993 861 1029 unde
882 1004 950 1027 tam
968 991 1126 1039 frequens
1145 1005 1339 1028 vnvrouvm
1359 997 1487 1028 mentio
1505 996 1544 1030 fit
1562 998 1596 1030 in

167 1048 313 1094 antiquis
339 1045 578 1079 monumentis.
633 1045 718 1077 Non
746 1040 868 1075 licebat
886 1042 976 1073 enim
1003 1052 1061 1087 per
1086 1040 1177 1083 leges
1196 1039 1394 1074 x11.Tabb.
1422 1053 1595 1078 mortuum

166 1097 253 1129 intra
271 1093 385 1127 urbem
410 1090 561 1139 sepelire.
612 1092 810 1125 Hominem
840 1100 1027 1123 MORTVVM
1048 1099 1089 1121 m
1110 1099 1198 1123 vase
1219 1098 1264 1122 NE
1291 1100 1479 1131 serenio,
1504 1102 1596 1124 NEVE

166 1153 389 1227 vRiggigiosa
416 1182 623 1216 habebantur
647 1180 840 1227 Sepulchra,
868 1181 946 1225 quia
964 1179 1120 1212 dedicata
1139 1190 1232 1213 erant
1250 1182 1326 1213 Diis
1344 1180 1517 1224 Manibus,
1543 1181 1596 1217 vel

167 1235 241 1268 Diis
260 1231 405 1271 Inferis3
432 1232 469 1262 In
489 1230 712 1262 monumentis
731 1229 819 1261 enim
839 1224 1108 1272 frequentiffimae
1123 1223 1199 1258 sunt
1217 1224 1383 1261 formulae.
1426 1240 1460 1261 D.
1479 1241 1522 1262 M.
1543 1229 1594 1263 vel

169 1291 301 1315 D.M.s.
330 1280 388 1311 i.e.
418 1287 481 1310 ms
510 1285 678 1309 MANIBVS
706 1285 863 1307 sacru-xi.

214 1327 292 1360 Nec
312 1324 417 1369 ipsum
433 1331 563 1355 tantum
589 1320 744 1366 spatium,
768 1331 837 1364 quo
855 1315 1003 1351 Cadaver
1019 1317 1297 1360 concludebatur,
1324 1322 1499 1365 occupavit
1523 1322 1594 1355 Re-

165 1374 260 1417 ligio,
287 1370 341 1405 sed
361 1373 398 1404 δε
416 1367 563 1414 aliquam
582 1368 698 1401 vicina:
721 1377 803 1399 areae
831 1373 969 1410 partem,
996 1364 1090 1409 cujus
1115 1363 1279 1397 ambitum
1309 1366 1343 1398 in
1370 1369 1596 1401 monumentis

165 1417 378 1463 defignabant
392 1415 458 1448 hoc
477 1412 591 1448 modo,
649 1425 690 1447 IN
709 1424 762 1447 Fu.
783 1424 811 1446 Ρ.
834 1424 867 1444 x.
899 1421 943 1445 11<
964 1422 1045 1444 AGR.
1067 1424 1095 1445 P.
1118 1424 1179 1445 xx.
1211 1412 1232 1444 i.
1250 1423 1282 1446 e.
1310 1413 1343 1445 in
1360 1410 1473 1446 fronte
1495 1412 1595 1459 pedes

164 1466 294 1508 decem,
321 1466 356 1498 in
376 1466 501 1506 Agrum
520 1460 621 1507 pedes
636 1459 939 1503 viginti.-——Hor.
958 1458 1063 1492 Scr.1.
1080 1457 1109 1490 8.
1130 1469 1221 1491 v.12.

497 1509 596 1542 Mille
609 1508 700 1552 pedes
719 1508 748 1540 in
758 1504 874 1550 fronte,
899 1505 1057 1540 Trecentos
1075 1507 1175 1548 cippus
1191 1505 1223 1538 in
1240 1517 1345 1549 agrum

494 1556 561 1590 Hic
580 1555 694 1595 daban
723 1553 862 1587 Heredes
879 1552 1111 1586 Monumentmn
1127 1563 1162 1584 ne
1175 1550 1363 1597 sequeretur.

214 1616 364 1651 Ditiores
384 1612 583 1659 plerumque
601 1609 799 1645 extruebant
816 1605 1044 1653 Pyramidem,
1070 1605 1287 1648 Columnam,
1311 1607 1453 1642 aliamve
1469 1608 1594 1643 molem

167 1661 374 1710 splendidam
393 1672 410 1693 e
429 1670 594 1694 marmore
613 1658 813 1705 plerumque
827 1653 948 1697 solido,
975 1652 1061 1687 unde
1080 1657 1116 1689 ὃ(
1134 1654 1249 1689 Domus
1262 1654 1440 1690 Marmorea
1461 1667 1522 1702 pro
1538 1657 1595 1691 Se-

165 1709 307 1756 pulchro
328 1708 469 1742 dicitur.
522 1704 653 1740 Tibull.
670 1706 733 1739 111.
755 1716 786 1737 ς’..

494 1756 598 1797 Atque
619 1755 648 1786 in
666 1752 741 1785 MA
749 1749 948 1784 RMOREA
969 1756 1074 1791 ponere
1089 1748 1168 1794 ficca
1187 1747 1339 1783 DOMO.

210 1812 255 1843 Et
282 1809 436 1855 quamvis
460 1818 625 1854 quantum
650 1805 837 1852 sumptuum
862 1803 1042 1851 sepulchris
1059 1801 1207 1848 impendi
1233 1800 1340 1847 poffet
1357 1800 1480 1836 Edieto
1498 1802 1594 1836 AEdi-

163 1856 245 1890 lium
272 1854 454 1901 expreffum
481 1852 573 1896 esset,
600 1863 694 1886 tanta
718 1862 845 1895 tamen,
873 1850 1035 1895 gliscente
1058 1850 1152 1891 luxu,
1177 1849 1215 1884 ea
1241 1850 1276 1882 in
1299 1861 1334 1883 re
1359 1850 1591 1883 Romanorum

164 1903 412 1946 magnificentia
431 1901 549 1942 eluxit,
578 1911 613 1934 ut
632 1912 704 1934 eam
721 1912 787 1933 non
804 1897 870 1932 sme
886 1899 1017 1945 stupore
1032 1899 1065 1931 in
1082 1895 1300 1930 marmoribus
1315 1900 1350 1930 &
1367 1897 1593 1929 monumentis

164 1951 362 1984 intueamur.
416 1951 453 1982 In
480 1946 554 1994 ipsis
580 1947 774 1991 Sepulchris
795 1947 919 1992 Specus
943 1944 1152 1979 subterranea
1175 1941 1350 1977 dicebatur
1368 1954 1593 1984 HYPOGAEVM,

165 1996 220 2030 ubi
237 1996 329 2030 locus
344 2005 414 2030 erat
432 2006 523 2029 certo
539 1994 683 2028 ollarum
700 1993 750 2027 vel
770 2005 928 2027 urnarum
944 2003 1085 2026 numero
1102 1989 1295 2031 destinatus,
1319 1990 1377 2036 qui
1397 2001 1592 2024 otLARIVM

164 2043 351 2077 vocabatur.
394 2045 442 2076 lta
459 2041 490 2076 se
506 2053 556 2075 res
575 2040 731 2083 habebat,
749 2038 908 2086 quamdiu
928 2050 1070 2083 corpora
1084 2037 1228 2071 cremari
1245 2035 1417 2078 solebant;
1445 2035 1481 2069 id
1496 2035 1592 2083 quod

163 2089 196 2123 δε
213 2091 282 2135 post
300 2100 582 2124 ANTONINORVM
601 2098 756 2134 tempora
773 2085 895 2121 factum
910 2086 975 2120 effe
990 2097 1031 2120 ex
1049 2085 1275 2119 monumentis
1292 2095 1391 2130 poene
1407 2084 1590 2117 innumeris

164 2146 262 2180 patet.
314 2134 533 2170 Exolescente
557 2134 718 2181 paulatim
743 2146 783 2167 eo
800 2135 881 2175 ritu,
905 2145 996 2167 arcas
1020 2132 1096 2166 loco
1123 2130 1262 2166 ollarum
1291 2129 1538 2164 constituebant
1556 2132 1589 2162 in

163 2184 357 2228 Hypogaeis‚
381 2182 432 2217 vel
448 2194 663 2224 marmoreas,
682 2181 733 2216 vel
757 2193 797 2215 ex
813 2179 927 2226 lapide
943 2179 1142 2221 Tiburtino,
1167 2178 1218 2212 vel
1232 2177 1367 2220 fictiles,
1391 2178 1440 2211 vel
1459 2189 1498 2210 ex
1513 2174 1588 2209 Afio

162 2227 288 2274 lapide,
313 2228 405 2272 cujus
435 2242 472 2263 ea
490 2230 537 2263 vis
556 2238 627 2262 erat
650 2239 686 2263 ut
704 2227 866 2262 cadavera
889 2228 996 2261 statim
1022 2225 1245 2261 consumeret.
1298 2224 1371 2269 Qi
1401 2223 1484 2267 lapis
1511 2233 1588 2254 cum

162 2274 424 2321 frequentiffime
449 2275 501 2308 his
519 2275 625 2310 ufibus
641 2274 829 2317 inserviret,
861 2273 987 2309 saisitum
1005 2274 1048 2308 est
1065 2283 1100 2307 ut
1115 2275 1207 2307 Arcae
1231 2271 1295 2306 illae
1312 2271 1409 2304 dicfi’cae
1428 2268 1488 2301 {int
1506 2280 1589 2302 SAR-

162 2332 342 2358 COPHAGI.
392 2321 690 2367 Qernadmodum
712 2333 793 2367 ergo
816 2323 850 2356 in
877 2321 951 2356 aliis
972 2321 1198 2356 monumentis
1222 2319 1363 2361 legimus
1382 2315 1428 2349 ibi
1446 2313 1503 2347 fita
1523 2312 1587 2348 effe

1489 2372 1587 2404 OSSA,
