2059 2812
644 140 755 194 Lib.
785 141 875 194 III.
949 141 1045 195 th.
1084 144 1144 194 V
1518 155 1616 201 155

185 249 391 295 cognatos,
413 239 455 280 id
469 241 537 291 est,
556 253 628 295 per
646 240 852 281 muliebris
867 240 975 281 sexus
990 241 1173 296 personas
1187 238 1426 293 cognatione
1443 237 1617 290 junctos,

184 304 354 356 (quibus
386 308 421 344 ὃ(
453 314 617 357 agnatos
645 304 850 343 minimam
878 305 1018 356 capitis
1051 303 1367 344 deminutionem
1400 300 1539 353 passos,
1579 305 1613 340 ὅ(

183 365 304 419 vulgo
323 364 501 417 quaefitos
520 365 718 407 accensuit
734 370 745 419 )
778 366 828 406 ad
859 365 1134 406 succeffionem
1151 365 1312 405 vocavit
1330 363 1379 404 ad
1402 362 1613 416 septimum

182 426 302 477 usque
320 426 500 481 gradum.
1090 444 1094 447 *

720 485 762 532 T
801 498 819 532 1
858 501 908 532 T.
977 482 1068 532 VI.

514 581 592 632 De
628 572 875 630 Gradibus
910 580 1275 644 Cognationum.

243 692 276 718 1.
307 679 509 731 Cognatio
525 680 579 719 est
593 677 792 719 vinculum
812 678 922 731 juris,
944 677 1010 716 seu
1030 676 1283 725 neceffitudo‚
1303 689 1390 728 quae
1409 675 1516 714 inter
1532 686 1611 722 eos,

181 741 251 792 qui
271 741 320 780 de
340 742 538 780 communi
557 742 688 793 stipite
707 740 962 788 descendunt,
989 740 1216 780 intercedit.

239 818 274 842 2.
306 803 510 856 Cognatio
528 817 574 842 ex
589 802 763 857 gradibus
784 803 943 845 &lineis
963 801 1176 855 judicatur.
1235 801 1376 841 Gradus
1396 802 1450 840 est
1473 800 1613 840 distan-

182 866 240 904 tia
255 868 534 920 Cognatorum
551 883 560 905 :
592 866 709 906 Linea
727 867 781 907 est
800 866 919 906 series
937 865 1195 918 personarum
1215 879 1236 904 a
1256 866 1456 906 communi
1481 865 1614 915 stipite

181 927 521 976 descendentium,
550 943 671 981 eaque
691 929 753 969 vel
781 928 890 979 νεᾶα,
920 942 1005 982 quae
1032 929 1249 983 genitores,
1280 934 1312 969 ὃ(
1333 928 1515 981 genit053
1551 926 1616 967 vel

181 989 340 1044 obliqua,
367 1004 452 1043 quae
472 1005 493 1029 a
512 991 635 1031 latere
654 992 809 1044 junecos
823 991 1117 1045 complectitur.

243 1069 275 1101 3.
306 1057 351 1091 In
381 1052 487 1091 linea
518 1055 626 1093 recta
652 1056 723 1108 Jus
747 1054 880 1093 Civile
912 1059 947 1094 ὅ(
972 1051 1215 1093 canonicum
1248 1049 1489 1103 conspirant.
1547 1050 1617 1088 Tot

181 1114 274 1152 enim
296 1124 505 1165 utrumque
525 1126 692 1153 numerat
706 1116 858 1167 gradus,
887 1124 971 1168 quot
986 1115 1075 1167 sunt
1089 1113 1334 1166 generationes
1354 1132 1365 1161 ;
1399 1126 1435 1151 v.
1450 1127 1487 1166 g.
1510 1112 1617 1150 inter

183 1187 337 1228 patrem
355 1184 389 1217 ὅ(
407 1177 529 1215 filium
559 1191 636 1216 una
667 1179 722 1216 est
749 1179 974 1231 generatio,
1004 1188 1103 1229 ergo
1130 1180 1164 1216 ὅ(
1184 1189 1282 1215 unus
1309 1176 1480 1227 gradus3
1511 1177 1616 1213 inter

184 1253 298 1278 avum
326 1246 360 1280 ὅ(
379 1249 565 1291 nepotem
596 1241 872 1293 generationes
890 1238 991 1286 duae,
1017 1243 1051 1279 ὃ(
1082 1237 1164 1276 duo
1194 1238 1291 1276 item
1323 1237 1480 1291 gradus,
1509 1245 1544 1280 ὅ(
1567 1237 1615 1276 fic

183 1301 383 1354 deinceps.

238 1377 277 1412 4.
308 1368 353 1403 In
381 1362 487 1404 linea
519 1363 679 1417 obliqua
699 1368 769 1420 Jus
787 1364 919 1405 Civile
950 1364 1111 1404 eandem
1130 1362 1257 1403 servat
1286 1362 1477 1417 regulam.
1536 1364 1617 1402 Tot

183 1427 289 1466 enim
309 1426 397 1466 sunt
419 1426 579 1479 gradus,
608 1439 709 1480 quot
733 1428 823 1467 sunt
843 1427 1035 1480 personae,
1065 1428 1195 1479 stipite
1214 1425 1392 1478 dempto.
1448 1429 1518 1481 Jus
1543 1428 1618 1467 Ca-

184 1491 374 1530 nonicum
391 1490 601 1543 distinguit
625 1491 729 1529 inter
755 1491 896 1529 lineam
919 1490 1121 1542 obliquam
1149 1489 1317 1542 (equalem
1338 1494 1372 1529 ὃ(
1391 1484 1614 1543 ime'qualem,

185 1555 230 1591 In
250 1552 354 1591 linea
373 1552 528 1605 aequali,
558 1551 660 1606 Qot
674 1551 849 1605 gradzhus
869 1553 1022 1605 perfimae
1048 1561 1200 1605 cognatae
1224 1549 1362 1602 (lzstatzt
1390 1566 1413 1589 a
1443 1553 1616 1590 commum·

178 1613 322 1667 stipite,
351 1624 407 1653 tot
424 1614 597 1669 gradibus
626 1615 724 1654 inter
746 1617 790 1668 se
818 1616 856 1655 di
890 1625 968 1655 ant.
1027 1614 1135 1654 Hinc
1159 1617 1300 1654 Frater
1322 1627 1344 1652 a
1365 1613 1504 1653 sorore
1528 1615 1616 1667 jure

185 1677 296 1716 civili
322 1676 438 1717 distat
468 1676 654 1725 secundo,
682 1677 768 1730 jure
793 1677 1002 1717 Canonico
1028 1677 1162 1729 primo
1179 1676 1327 1728 gradu:
1370 1677 1617 1716 consobrini

185 1741 271 1793 jure
297 1740 408 1779 civili
434 1749 594 1792 quarto,
622 1741 705 1792 jure
720 1740 924 1780 Canonico
944 1739 1115 1778 secundo
1137 1737 1276 1792 gradu.
1334 1742 1379 1777 In
1399 1738 1504 1778 linea
1518 1753 1616 1778 vero

186 1803 385 1855 inaequali,
414 1803 514 1858 Qot
527 1803 701 1857 gradibus
718 1804 871 1856 persona
893 1802 1063 1842 remotior
1086 1801 1198 1853 dzstat
1226 1817 1249 1840 a
1278 1803 1451 1841 communi
1469 1801 1614 1856 stipite,

187 1876 243 1904 cot
256 1866 427 1920 gradibus
442 1866 598 1920 personae
619 1864 753 1918 dzstant
771 1866 931 1919 interse.
990 1870 1085 1906 Haec
1101 1877 1199 1904 vero
1214 1863 1349 1917 regula
1364 1863 1524 1903 videtur
1538 1866 1615 1904 effe

188 1927 366 1977 absurda,
395 1942 481 1968 cum
502 1942 574 1980 per
602 1942 686 1968 eam
705 1928 840 1968 fratris
871 1929 947 1968 mei
968 1931 1171 1981 Pronepos
1198 1936 1341 1979 quarto
1369 1927 1498 1980 gradu
1527 1933 1562 1969 ὅ(
1592 1941 1615 1966 a

188 2004 264 2039 me,
292 1997 326 2032 ὃ(
345 2005 367 2029 a
385 1991 485 2039 filio,
515 1997 550 2031 ὃ(
570 2005 590 2029 a
606 2000 752 2043 nepote
771 2004 862 2030 meo
881 1990 1012 2030 distet.

245 2068 280 2099 5.
314 2052 542 2094 Adfinitatis
559 2052 660 2091 nulli
676 2052 761 2092 sunt
781 2052 936 2106 gradus,
954 2052 1044 2105 quia
1063 2050 1182 2090 nullae
1201 2051 1490 2103 generationes,
1518 2053 1616 2090 Sunt

189 2127 316 2155 tamen
332 2116 429 2168 quast
440 2115 576 2170 gradus
596 2114 825 2163 adfinitatis,
852 2114 920 2167 qui
935 2111 1120 2166 cognosci
1134 2112 1294 2164 poffunt
1309 2126 1354 2151 ex
1375 2111 1446 2152 hac
1464 2111 1614 2165 regula.

191 2179 308 2232 Qtoto
325 2180 440 2231 gradu
471 2178 560 2218 mihi
579 2179 718 2232 aliquis
742 2189 911 2232 cognatus
935 2178 999 2231 est,
1023 2176 1138 2216 eodem
1164 2175 1279 2230 gradu
1303 2175 1459 2229 ejusdem
1485 2176 1613 2227 conjux

193 2239 281 2279 mihi
301 2240 493 2290 adfinitate
511 2240 635 2294 junffila
659 2241 828 2294 cenfitur.

960 2357 1055 2394 U2
1455 2348 1612 2387 T1T.
