2059 2812
523 135 646 190 Lib„
667 134 763 187 III.
834 132 930 188 Tit.
967 131 1197 188 XXVIL
1480 152 1547 186 20
1558 152 1582 195 5

153 237 329 292 gesserit,
370 234 556 275 mandans
584 248 632 274 ex
665 233 779 288 gestis
807 232 1168 287 obligetur3—ut
1197 231 1296 285 quia,
1321 230 1588 272 mandatarius

152 305 294 355 sponte
314 299 617 354 obligationem,
649 289 690 337 in
708 312 783 351 qua
801 296 946 338 summa
978 295 1171 336 industria
1190 297 1379 351 exigitur,
1403 295 1590 348 suscepit,

153 363 358 404 ordinarie
372 371 555 401 teneatur
572 361 622 401 ad
636 360 792 413 culpam
806 359 1032 399 leviffimam
1048 369 1193 408 ;--ut
1207 355 1495 409 Mandatarius,
1519 360 1589 412 qui

152 427 268 466 amici
289 425 394 477 spem
414 425 588 477 turpiter
607 422 800 471 destituit,
828 421 880 461 ob
900 420 1050 469 dolum,
1079 420 1143 460 vel
1163 421 1315 474 culpam
1344 416 1477 471 latam,
1508 435 1587 462 me-

154 490 236 529 rito
257 487 423 529 infamia
441 498 618 529 notetur.

213 557 249 595 8.
281 552 442 593 Finitus
462 561 594 591 autem
614 548 846 594 Mandatum
875 561 957 587 non
979 547 1104 588 solum
1133 557 1274 588 mutuo
1293 547 1494 596 Diffensu‚
1523 549 1591 590 sed

155 622 190 658 ὅ(
210 615 436 657 mandantis,
448 614 720 662 revocatione,
738 611 859 652 modo
877 612 944 652 fiat
964 625 1005 651 re
1025 612 1181 666 integra
1196 612 1592 664 5—-renunciatione

155 691 236 720 non
256 676 529 729 intempestiva
546 674 789 716 Mandatarii
806 694 818 724 3
941 677 1078 713 Morte
1095 672 1447 714 Contrahentium.

210 759 246 792 9.
276 743 385 797 Qa
416 743 548 793 itaque
566 754 613 779 ex
634 739 712 779 hoc
729 737 938 780 contrad’m
961 738 1123 790 ὢπλεόρῳ
1153 737 1419 778 mandatarius
1443 738 1492 777 ab
1517 738 1592 777 ini-

154 808 216 849 tio
234 827 246 858 3
276 803 464 845 mandans
483 816 565 842 non
584 801 652 841 nifi
673 815 720 841 ex
738 801 825 854 post
844 800 953 839 saeco
972 799 1188 852 obligatur,
1217 799 1390 840 nascitur
1409 799 1501 839 inde
1520 800 1595 840 du-

155 871 246 925 plex
267 867 371 908 Atrio
391 864 588 914 Mandaei,
617 875 785 916 quarum
816 862 942 903 altera
963 861 1122 911 Direffa,
1152 861 1277 902 altera
1304 862 1493 903 Contraria
1521 863 1589 902 est.

291 928 476 972 Dirc-&lam
496 925 689 968 Mandans
717 924 887 965 instituit
914 922 1097 963 adversus
1127 923 1432 973 mandatarium,
1461 924 1592 978 ejusve

156 989 332 1030 haeredes
359 990 408 1029 ad
441 988 647 1042 negotium
667 986 887 1039 susceptum
915 985 1214 1038 perficiendum,
1242 986 1306 1025 vel
1333 986 1593 1040 praestandum

156 1054 221 1103 id,
242 1054 352 1108 quod
369 1053 530 1093 interest
545 1073 556 1103 3
588 1064 672 1091 rem
686 1064 732 1090 ex
748 1048 934 1089 mandato
955 1047 1183 1102 adquifitam
1198 1063 1286 1090 cum
1299 1049 1497 1091 fluetibus
1512 1061 1598 1094 tra-

158 1117 344 1168 dendam,
384 1116 615 1170 dolumque,
655 1121 690 1157 &
723 1113 880 1168 culpam
910 1112 1030 1154 etiam
1061 1112 1286 1155 leviffimam
1321 1113 1596 1168 praestandam.

209 1227 282 1271 Qi
301 1227 402 1260 amici
420 1224 510 1272 spem
529 1223 674 1271 turpiter
689 1220 871 1268 destituit‚]
914 1220 1071 1257 Praeclare
1095 1223 1216 1257 Cicero
1231 1221 1273 1256 de
1291 1222 1351 1256 hac
1375 1234 1409 1256 re
1427 1221 1597 1266 differuit,

159 1273 227 1308 Pro
244 1275 318 1308 Sex.
336 1271 471 1307 Roscio.
493 1284 520 1306 c.
542 1273 595 1317 38,
613 1284 668 1316 39.
787 1271 839 1304 ·In
853 1271 980 1313 privatis
997 1271 1082 1304 rebus
1098 1270 1125 1315 fi
1146 1271 1200 1315 qui
1213 1282 1274 1304 rem
1292 1270 1366 1303 MA
1377 1271 1480 1304 NDA
1491 1272 1596 1306 TAM

161 1333 218 1354 non
236 1321 319 1355 modo
338 1319 509 1365 malitiosius
520 1318 645 1363 gefftffet
656 1318 707 1362 sui
724 1314 844 1362 questas
863 1327 917 1350 aut
934 1318 1072 1351 commodi
1090 1315 1194 1359 causti,
1218 1328 1319 1352 verum
1336 1318 1427 1350 etiam
1440 1319 1594 1362 negligen-

159 1370 231 1408 tius,
248 1379 314 1401 eum
327 1369 454 1409 majores
462 1365 611 1410 summum
626 1362 765 1410 admififfe
779 1364 903 1397 dedecus
916 1363 1134 1408 existimabant.
1159 1366 1265 1409 Itaque
1275 1364 1387 1397 MAN
1391 1365 1459 1398 DA
1467 1365 1499 1396 T
1501 1367 1517 1398 Ι
1525 1377 1594 1398 con-

152 1414 294 1460 stitutum
318 1413 355 1457 est
366 1415 525 1455 judicium,
549 1424 602 1446 non
620 1413 717 1445 minus
734 1421 831 1455 turpe,
853 1422 941 1455 quam
953 1409 1043 1455 furti.
1095 1412 1189 1445 Credo
1208 1420 1375 1455 propterea,
1399 1412 1476 1455 quod
1492 1413 1595 1456 quibus

161 1464 192 1494 in
209 1462 293 1495 rebus
313 1461 362 1507 ipfl
379 1459 510 1503 intereffe
528 1471 584 1492 non
595 1458 754 1502 poffumus,
780 1459 809 1490 in
826 1458 871 1490 his
890 1467 977 1500 opera
994 1456 1085 1501 nostra
1106 1459 1155 1492 VI
1162 1459 1219 1491 CA
1230 1459 1317 1491 RIA
1334 1457 1412 1502 fides
1432 1459 1593 1493 amicorum

153 1508 345 1553 supponitur.-
373 1518 465 1551 quam
481 1506 531 1549 qui
549 1507 638 1546 ladit,
664 1512 809 1548 oppugnat
828 1506 958 1537 omnium
983 1515 1132 1538 commune
1144 1504 1319 1549 praefidium‚
1342 1502 1379 1538 (θ’
1396 1514 1543 1549 quantum
1563 1507 1595 1539 in

161 1556 219 1600 ipſs)
237 1554 286 1597 esi,
308 1553 448 1599 disturbat
462 1554 527 1587 vita
546 1553 738 1586 Societatem.
791 1550 858 1584 Non
875 1551 952 1583 enim
963 1548 1104 1594 poffumus
1119 1552 1218 1584 omnia
1229 1560 1284 1594 per
1301 1562 1352 1583 nos
1370 1562 1472 1595 agere.
1510 1554 1597 1585 Alius

163 1606 193 1637 in
209 1599 272 1636 aliti
289 1600 326 1647 est
347 1613 376 1635 re
393 1604 483 1643 magis
500 1599 594 1633 utilis.
646 1598 761 1632 Idcirco
782 1597 919 1630 amicitia
948 1606 1170 1640 comparantur,
1195 1606 1229 1630 ut
1246 1608 1397 1631 cormnune
1416 1599 1596 1633 commodum

162 1650 272 1683 mutuis
290 1646 388 1690 officiis
400 1647 590 1690 gubernetur.
643 1644 735 1691 Qid
755 1644 861 1687 recipis
877 1643 988 1677 MAN
991 1645 1057 1678 DA
1066 1644 1097 1675 T
1102 1645 1131 1678 V
1134 1643 1188 1685 M,
1207 1644 1234 1689 fi
1247 1652 1304 1678 aut
1319 1645 1520 1688 neglecturus,
1542 1655 1601 1679 aut

163 1696 202 1730 ad
220 1704 308 1728 tuum
323 1694 506 1727 commodum
524 1693 710 1736 conversurus
727 1694 781 1724 es?
823 1691 885 1723 Cur
909 1691 980 1723 mihi
1009 1699 1039 1723 te
1068 1689 1162 1732 offers,
1186 1702 1223 1724 ac
1239 1691 1313 1724 meis
1334 1692 1490 1725 commodis
1509 1692 1596 1736 officio

163 1743 309 1784 (inmlaw,
333 1741 418 1783 officis
437 1738 473 1773 ἐφ’
492 1738 604 1780 oblitu?
637 1738 752 1771 Recede
777 1736 813 1770 de
831 1736 925 1770 medio
939 1750 949 1769 .-
982 1746 1036 1780 per
1053 1738 1147 1770 alium
1165 1737 1335 1783 tranfigam.
1388 1736 1513 1781 Suscipio
1530 1751 1596 1772 omis

160 1785 258 1831 officii,
284 1789 359 1832 quod
378 1797 406 1819 te
421 1795 508 1830 putas
520 1785 661 1831 fhstinere
675 1783 769 1828 posse.-
795 1784 870 1828 quod
886 1782 1004 1817 minime
1021 1783 1136 1816 videtur
1146 1793 1244 1826 grave
1263 1785 1313 1825 iis,
1338 1785 1390 1828 qui
1409 1783 1530 1819 minime
1547 1786 1597 1831 ipfi

165 1839 245 1869 leves
268 1834 349 1878 sunt.
402 1835 483 1876 Ergo
504 1833 610 1866 idcirco
635 1835 724 1875 turpis
742 1831 797 1863 hac
818 1831 905 1874 culpa
924 1829 973 1873 cst,
1008 1831 1084 1874 quod
1113 1831 1188 1863 duas
1207 1842 1254 1864 res
1277 1830 1473 1875 sanc‘iissimas
1490 1833 1600 1874 violat,

168 1879 403 1916 Amicitiam&
425 1880 527 1925 fidem.
580 1879 663 1912 Nam
689 1888 782 1921 neque
811 1877 938 1910 mandat
958 1877 1117 1921 quisquam
1138 1876 1218 1920 fere,
1243 1877 1295 1925 nist
1322 1880 1349 1910 ei
1375 1889 1462 1921 quem
1474 1879 1596 1924 fidelem

160 1938 263 1975 putat.
298 1927 489 1972 Perditissimi
505 1928 548 1959 eli
564 1927 656 1970 igitur
674 1924 808 1965 hominis,
826 1922 916 1968 fimul
932 1921 969 1957 (y
982 1924 1148 1957 amicitiam
1165 1923 1323 1968 dissolvere,
1341 1921 1376 1957 ὅ]
1389 1923 1501 1968 fallere
1518 1938 1596 1968 eum,

167 1977 218 2020 qui
243 1972 318 2019 lefiu
345 1986 398 2007 non
426 1972 505 2017 effer,
530 1973 581 2017 nifi
609 1969 782 2014 credidiffet.
919 1969 1013 2003 Idem
1036 1981 1096 2015 pro
1123 1975 1162 2004 A.
1180 1971 1323 2005 Caecina.
1467 1974 1500 2005 Si
1517 1976 1598 2017 quis,

166 2023 242 2068 quod
251 2019 426 2066 spospondit,
450 2031 508 2063 qua
526 2021 556 2052 in
572 2031 603 2053 re
621 2018 703 2053 verbo
723 2016 756 2061 se
774 2028 829 2051 uno
848 2017 1002 2061 obligavit,
1029 2018 1059 2050 id
1076 2030 1130 2051 non
1142 2016 1236 2061 facit,
1261 2026 1376 2052 maturo
1397 2020 1515 2060 judicic>
1532 2019 1597 2065 fine

167 2071 231 2103 ulla
250 2069 388 2111 religione
398 2067 510 2108 judicis
528 2067 760 2100 condemnatur:
795 2065 846 2109 qui
859 2074 914 2108 per
931 2065 1073 2106 tutelam,
1100 2075 1154 2097 aut
1173 2065 1361 2110 flacii-tatem,
1387 2074 1442 2098 au,
1473 2067 1501 2100 R
1513 2069 1541 2100 E
1552 2067 1596 2099 M

167 2115 244 2150 MA
254 2116 288 2149 N
292 2117 358 2149 DA
369 2115 427 2148 TA
437 2112 493 2155 M,
517 2121 571 2147 aut
590 2112 700 2157 fiducia
717 2111 862 2146 rationem
881 2109 1044 2155 fraudavit
1061 2113 1241 2155 quempiam,
1266 2114 1298 2145 in
1316 2125 1358 2155 eo,
1385 2123 1439 2156 quo
1459 2114 1597 2148 delicium

169 2164 261 2203 majus
278 2160 327 2206 est,
349 2159 381 2194 eb
394 2170 478 2206 poena
495 2159 533 2206 est
549 2160 672 2195 tardior.
725 2156 777 2203 Est
806 2159 882 2192 enim
912 2165 994 2202 turpe
1005 2156 1163 2203 Judicium
1179 2157 1217 2193 ἴθ’
1239 2157 1323 2202 fallo
1348 2159 1469 2204 quidem
1497 2170 1594 2203 turpe.

169 2209 345 2240 ——Et
369 2205 411 2240 de
430 2208 516 2240 Nat.
538 2208 640 2240 Deor.
663 2203 739 2239 Lib.
760 2217 791 2250 3.
926 2206 1000 2239 Inde
1020 2213 1063 2238 tot
1085 2207 1205 2247 judicia
1225 2207 1260 2240 de
1279 2207 1341 2251 fide
1373 2203 1458 2239 maid
1485 2209 1595 2248 tutela,

169 2256 244 2290 MA
255 2254 289 2288 N
291 2254 418 2288 DATI
427 2279 436 2294 ,
456 2263 506 2297 pro
523 2256 619 2297 Socio,
634 2253 747 2299 fiducia
761 2266 771 2285 :
809 2252 927 2297 reliqua
949 2264 1009 2298 que
1034 2262 1127 2296 empto
1155 2260 1209 2287 aut
1231 2254 1362 2295 vendito,
1389 2252 1521 2286 condutio
1540 2261 1598 2286 aut

168 2305 264 2341 locato
282 2309 380 2337 contra
390 2302 481 2347 fidem
490 2300 582 2346 fiunt.

1277 2392 1386 2403 ...-.-
1410 2364 1598 2407 Contraria
