2059 2812
408 172 510 217 152
805 149 1069 200 Elementa
1098 148 1245 215 Juris
1275 146 1444 202 Civilv‘s

403 265 488 293 non
510 263 611 305 ergo
644 247 897 301 emancipati,
925 246 1247 301 emancipataeve,
1267 262 1364 302 quos
1390 259 1520 290 tamen
1546 251 1702 290 Praetor
1727 252 1841 291 natu4

402 316 481 357 rali
502 315 688 368 aequitate
708 322 840 353 motus
860 311 910 353 ad
936 312 1101 354 bonorum
1119 313 1354 369 poffbffionem
1382 316 1548 359 vocabat
1567 315 1701 357 edicto
1722 324 1843 356 VNDE

403 394 567 423 mmm.

462 462 500 494 5.
529 442 740 486 Interdum
757 452 892 483 autem
915 442 1011 486 licet
1035 442 1075 483 in
1094 446 1288 498 potestate
1304 446 1482 487 Parentis
1496 448 1636 487 mortis
1659 456 1842 497 tempore

394 513 486 565 suns
505 509 615 550 haeres
634 520 717 548 non
735 506 889 559 fuerit3
919 517 1050 547 tamen
1057 509 1149 560 suus
1169 507 1277 548 haeres
1304 511 1462 550 Parenti
1483 511 1677 562 efficitur3
1719 511 1844 550 veluti

401 574 428 613 fi
456 574 504 614 ab
527 572 706 614 hostibus
725 572 812 624 quis
834 571 1014 612 reversus
1035 568 1161 610 fuerit
1185 573 1271 624 post
1295 582 1468 611 mortem
1495 572 1617 624 patris
1641 572 1714 614 sui.
1771 575 1842 628 Jus

402 636 511 676 enim
531 632 774 674 Postliminii
803 632 878 673 hoc
905 631 1017 673 facit.

458 706 495 736 6.
528 698 605 735 Per
625 694 874 734 contrarium
893 694 1044 742 evenit,
1073 703 1118 732 ut
1135 692 1230 732 licet
1255 693 1340 745 quis
1359 693 1399 731 in
1426 691 1576 732 familia
1595 694 1772 736 defuncti
1800 698 1844 737 fit

401 760 545 801 mortis
565 769 762 811 tempore,
792 766 923 797 tamen
932 758 1028 810 suus
1047 755 1155 796 haeres
1174 770 1255 796 non
1271 756 1336 795 fiat
1355 774 1363 795 ;
1395 756 1521 795 veluti
1535 755 1560 796 fi
1575 759 1661 810 post
1676 771 1844 801 mortem

400 824 508 864 suam
528 827 648 863 Pater
668 820 865 874 judicatus
894 819 1019 861 fuerit
1039 820 1331 874 perduellionis
1358 833 1461 868 rem,
1490 835 1534 862 ac
1562 835 1634 875 per
1662 822 1739 864 hoc
1766 838 1846 865 me-

400 887 529 929 moria
556 888 639 939 ejus
665 885 850 924 damnata
871 883 1009 925 fuerit.
1067 886 1177 925 Suum
1192 885 1299 926 enim
1314 884 1485 925 haeredem
1504 885 1650 926 habere
1669 901 1749 928 non
1774 903 1847 941 po-

401 952 489 1000 test,
520 964 609 991 cum
634 948 747 990 fiscus
767 949 813 1003 ‘ei
842 947 1036 990 succedat.

401 1058 544 1094 subeunt
560 1058 673 1093 locum
694 1058 864 1105 propioris
879 1055 1043 1100 defuncti,
1067 1056 1223 1105 adeoque
1239 1070 1354 1092 omnes
1372 1056 1468 1092 simul
1487 1058 1558 1103 ejus
1576 1060 1766 1105 portionem
1789 1073 1845 1096 ac-

403 1108 549 1152 cipiunt.
593 1105 657 1151 Jus
678 1105 941 1150 repraesentationis
969 1105 1013 1138 est
1032 1105 1127 1139 fictio
1144 1106 1242 1151 juris,
1269 1117 1334 1150 qua
1354 1107 1554 1139 remotiores
1572 1108 1604 1140 in
1624 1110 1768 1153 parentis
1786 1108 1845 1142 de-

401 1152 509 1187 funeri
527 1153 642 1187 locum
663 1152 847 1185 subintrare
866 1152 1115 1195 intelliguntur.
1170 1152 1222 1185 Sic
1241 1149 1262 1183 si
1283 1154 1384 1185 l’itius
1411 1151 1551 1197 reliquit
1569 1162 1634 1186 tres
1651 1153 1750 1197 filios,
1778 1157 1848 1189 Pri—

404 1211 498 1240 mum,
525 1201 706 1241 Secundum,
733 1199 867 1232 Tertium
887 1201 924 1231 &
945 1210 987 1231 cx
1004 1198 1133 1245 Qarto
1149 1196 1312 1231 defuneto
1332 1197 1387 1232 sex
1405 1208 1556 1244 nepotes,
1581 1199 1616 1232 hi
1633 1211 1750 1234 omnes
1774 1201 1846 1237 suc-

401 1244 543 1289 cedunt,
572 1249 607 1280 &
625 1246 739 1279 Primus
768 1244 921 1290 quidem,
946 1246 1107 1287 Secundus,
1127 1246 1256 1287 Tertius,
1283 1255 1442 1291 tanquam
1470 1244 1567 1279 liberi
1595 1248 1696 1292 primi
1723 1248 1847 1292 gradus

401 1296 433 1328 in
454 1295 584 1337 capita;
625 1292 659 1325 id
679 1292 724 1326 est
742 1293 912 1337 accipiunt
938 1290 1056 1335 singuli
1086 1291 1306 1338 quadrantem
1328 1291 1495 1325 bonorum
1515 1309 1525 1333 ;
1561 1291 1616 1327 sex
1643 1306 1780 1341 nepotes
1806 1308 1847 1332 ex

399 1341 529 1389 Qrto
549 1339 742 1384 superstites
769 1339 857 1372 hunc
888 1350 1012 1385 patrem
1041 1337 1137 1373 suum
1161 1337 1392 1383 repraesentatam
1424 1338 1581 1386 adeoque
1609 1353 1714 1387 quum
1733 1356 1847 1378 ornnes

403 1387 497 1422 iimul
517 1397 676 1434 quartum
695 1385 919 1431 quadrantem
935 1387 1121 1431 accipiunt,
1145 1387 1176 1419 in
1197 1386 1319 1432 stirpem
1346 1384 1543 1421 succedunt.
1598 1390 1647 1421 Ita
1676 1387 1698 1421 fi
1728 1393 1765 1424 ὅ(
1784 1390 1847 1425 soli

402 1444 543 1482 nepotes
569 1434 748 1476 exstarent,
782 1445 823 1467 ex
846 1435 945 1467 Primo
963 1445 1060 1476 unus,
1099 1444 1140 1466 ex
1165 1433 1296 1466 Secundo
1314 1431 1380 1474 sex,
1418 1443 1459 1466 ex
1485 1433 1586 1468 Tertio
1611 1445 1769 1479 quatuor,
1805 1450 1848 1472 ex

403 1482 534 1531 Qarto
551 1479 649 1522 duo;
686 1492 803 1514 omnes
825 1477 1053 1521 succederent,
1078 1491 1146 1513 non
1177 1478 1357 1513 secundum
1385 1491 1543 1514 numerum
1561 1484 1705 1525 capitum,
1731 1482 1789 1518 sed
1816 1487 1848 1518 in

395 1531 513 1576 stirpes.
569 1528 717 1562 Primum
735 1528 824 1561 enim
844 1526 1064 1572 quadrantem
1084 1537 1186 1573 nepos
1203 1537 1285 1559 unus
1303 1537 1344 1558 ex
1361 1527 1462 1560 Primo
1480 1525 1567 1561 solus
1591 1540 1738 1574 caperet,
1764 1531 1847 1565 alte-

404 1588 478 1610 rum
495 1575 548 1610 sex
563 1583 702 1620 nepotes
717 1586 757 1607 ex
772 1573 919 1616 Secundo,
946 1574 1084 1607 tertium
1101 1584 1244 1620 quatuor
1259 1583 1396 1621 nepotes
1414 1585 1454 1607 ex
1469 1574 1582 1617 Tertio,
1606 1586 1760 1622 quartum
1778 1577 1847 1613 duo

404 1635 447 1658 ex
464 1623 594 1670 Qarto
611 1623 699 1654 inter
718 1619 750 1655 se
767 1619 973 1655 dividerent.

454 1687 502 1718 Ac
525 1695 585 1731 per
607 1682 671 1716 hoc
689 1684 852 1717 memoria
868 1682 939 1728 ejus
956 1682 1112 1717 damnata
1130 1681 1258 1729 fuerit]
1300 1683 1355 1718 Sic
1372 1682 1563 1720 damnatam
1580 1685 1722 1731 legimus
1733 1692 1847 1723 Senecae

405 1732 610 1766 memoriam
631 1729 719 1776 apud
734 1731 850 1765 Tacit.
869 1729 947 1764 Lib.
968 1742 1021 1777 ¹4·
1038 1734 1075 1766 ὃς
1091 1741 1144 1775 15.
1164 1731 1258 1777 quod
1277 1729 1366 1778 quafi
1385 1732 1450 1776 laesae
1468 1733 1628 1776 majestat&
1646 1746 1720 1769 reus
1736 1733 1848 1770 fuisset

405 1792 424 1813 a
448 1780 565 1813 Nerone
589 1776 984 1811 condemnatus.—Sic
1001 1779 1054 1812 M.
1069 1779 1201 1820 Manlii,
1225 1776 1318 1825 quod
1343 1789 1481 1822 regnum
1499 1779 1692 1824 affectasset,
1720 1794 1849 1816 merno-

407 1827 489 1860 riam
516 1824 704 1858 damnatam
724 1823 827 1859 refert
844 1824 919 1858 Cic.
938 1824 1085 1872 Philipp.
1098 1828 1123 1860 Ι.
1144 1837 1213 1872 cap.
1235 1827 1465 1871 13.-—N0n
1482 1840 1549 1861 uno
1567 1827 1671 1863 modo
1694 1827 1848 1866 damnari

404 1871 576 1906 consucvit
606 1871 1053 1906 memoria.--—Interdum
1083 1874 1174 1906 enim
1201 1873 1339 1906 nomina
1365 1874 1512 1908 illaudata
1541 1874 1608 1909 effe
1636 1874 1849 1920 jubebantur,

405 1930 481 1965 quae
496 1930 558 1952 nec
577 1917 748 1952 recensere
767 1917 814 1952 fas
831 1919 912 1953 effer
929 1935 938 1959 3
965 1930 1001 1952 ut
1019 1931 1096 1953 cum
1117 1918 1290 1954 decretum
1305 1920 1350 1953 est
1367 1922 1537 1955 communi
1559 1921 1698 1956 confilio
1712 1935 1752 1956 ne
1770 1925 1846 1968 quis

406 1978 533 2000 nomen
558 1966 640 2012 ejus,
667 1966 725 2010 qui
745 1966 869 2011 Ephefiae
884 1967 992 2000 Dianae.
1010 1966 1172 2014 templum
1196 1966 1408 2009 incenderat,
1436 1967 1505 2001 ullo
1523 1978 1678 2014 tempore
1694 1972 1846 2004 nomina-

409 2023 472 2047 ret.
486 2011 741 2047 ——Interdum
765 2014 797 2046 in
817 2012 941 2047 cedibus
958 2012 1190 2048 damnatorum
1208 2014 1320 2060 aliqua
1338 2025 1466 2048 oeternae
1481 2016 1673 2059 ignominiae
1698 2026 1777 2050 nota
1795 2029 1848 2051 re-

407 2059 639 2106 linquebatur.
693 2059 790 2102 Qin
804 2063 845 2094 &
863 2059 949 2094 aedes
964 2059 1038 2107 ipsae
1053 2073 1297 2107 nonnunquam
1312 2060 1530 2097 diruebantur
1544 2062 1582 2096 ea
1599 2062 1686 2107 lege,
1713 2076 1753 2098 ne
1772 2066 1848 2110 quis

408 2108 443 2141 in
463 2107 630 2154 posterum
656 2118 710 2139 cas
735 2107 1150 2143 restitueret.——Eadem
1169 2119 1306 2155 quoque
1323 2107 1366 2142 de
1383 2110 1479 2144 causa
1503 2110 1638 2144 nomina
1660 2110 1847 2146 Consulum

409 2153 592 2201 publicitus
608 2165 627 2187 e
645 2153 744 2187 Fastis
770 2153 1007 2189 Consul-aribus
1024 2154 1261 2197 eradebantur‚
1288 2158 1324 2189 &
1343 2156 1410 2189 haec
1433 2157 1477 2190 est
1496 2155 1634 2191 fortasse
1662 2158 1762 2200 ratio,
1787 2170 1846 2193 cut

411 2212 532 2235 nomen
552 2206 664 2237 Seneca
682 2213 748 2233 non
770 2211 863 2236 extet
879 2202 912 2235 in
927 2202 1026 2236 Fastis
1041 2200 1240 2236 Consulum.
1291 2201 1344 2235 Sic
1356 2204 1471 2237 Tacit.
1484 2203 1602 2237 Annal.
1620 2204 1765 2239 Lib.III.
1790 2217 1844 2243 17.

499 2251 618 2283 Primus
637 2247 822 2292 sententiam
847 2258 969 2293 rogatus
987 2250 1123 2284 Aurelius
1150 2251 1241 2283 Cotta
1271 2248 1389 2293 Consul,
1415 2263 1518 2285 nomen
1545 2250 1655 2295 Pifizm's
1681 2254 1845 2286 radendum

408 2296 494 2341 Pastis
512 2296 768 2340 censuit.-—Et
782 2294 873 2342 apud
887 2297 959 2330 Cic.
982 2295 1128 2343 Philipp.
1145 2297 1242 2332 xlv.
1294 2299 1418 2331 Antonii
1433 2308 1512 2332 totus
1528 2298 1701 2342 Consulatus
1719 2298 1846 2333 dicitur

404 2356 447 2379 ex
464 2345 543 2381 omni
558 2351 809 2379 monumentorum
823 2342 966 2389 memori-3
977 2343 1066 2391 fuiffe
1085 2344 1445 2389 revulficse-——Statuas
1461 2347 1573 2388 etiarn,
1591 2345 1737 2387 Titulos,
1757 2347 1846 2379 Ima-

1736 2404 1845 2436 gines,
