2059 2812
599 131 710 184 Lib.
739 131 803 184 II.
879 132 972 185 th.
1012 130 1154 186 XIV.
1501 158 1595 194 121

173 233 355 281 veniunt,
372 231 439 271 seu
453 229 619 270 mediam
631 230 876 271 haereditatis
897 242 1049 285 partem
1067 232 1290 286 accipiunt:
1321 244 1389 275 aut
1403 234 1430 276 fi
1447 236 1600 291 dupon-

174 294 282 334 dium
301 303 456 346 aequant
474 303 619 346 partes,
650 292 792 344 reliqui
810 294 986 334 haeredes
1004 295 1044 334 in
1070 296 1236 334 tertium
1257 296 1388 348 assem,
1416 296 1492 341 five
1520 308 1600 339 ter-

174 357 269 396 tiam
286 354 530 396 haereditatis
548 365 701 408 partem
713 365 921 394 vocantur.

230 424 290 458 16.
322 417 386 458 Ad
412 417 582 458 formam
608 417 871 456 Institutionis
897 427 1046 469 praeter
1073 416 1173 458 bene
1199 418 1435 462 declaratam
1461 423 1602 463 volun-

174 490 294 520 tatem
310 480 525 522 Testatoris
555 480 661 520 nihil
684 481 916 532 requiritur.
977 482 1132 523 Vitium
1149 492 1281 522 tamen
1299 482 1419 524 habet
1443 487 1601 526 Institu-

172 544 232 583 tio
256 560 289 585 1.
310 545 349 584 Si
369 545 411 584 in
430 544 640 585 arbitrium
660 543 823 583 alterius
842 543 888 583 fit
908 544 1053 585 collata
1069 567 1080 598 3
1113 561 1149 586 2.
1171 546 1213 585 Si
1231 546 1272 585 in
1292 546 1461 599 persona
1481 547 1601 589 haere-

171 606 231 646 dis
247 606 292 647 fit
311 617 485 647 erratum
501 627 513 658 3
567 623 599 656 3.
630 607 668 646 Si
690 607 911 658 captatoria
929 607 986 648 fit.

229 687 288 716 17.
322 673 453 712 Potest
470 672 590 711 etiam
610 671 808 710 institutio
828 671 891 711 vel
910 675 1026 724 pure,
1055 671 1117 711 vel
1132 671 1202 712 sub
1221 672 1456 717 conditione
1473 675 1576 717 fieri.

228 747 244 770 1
256 737 290 775 8.
320 733 517 773 Conditio
537 743 667 772 autem
686 733 740 772 est
759 732 926 784 qualitas
945 732 1098 786 adjed'ca
1117 733 1298 786 negotio,
1317 735 1449 787 quaid
1469 736 1604 778 differ-

170 805 236 835 tur
255 794 384 835 donec
403 795 484 847 ipsa
503 795 653 834 existat.

227 872 287 903 19.
316 856 528 897 Dividitur
547 868 643 896 vero
663 853 849 896 conditio
871 856 988 906 (licet
1007 869 1146 909 parum
1166 865 1373 914 accurate)
1404 862 1446 900 in
1460 861 1605 915 poffi'bi-

170 919 253 969 lem,
288 924 322 960 &
349 918 592 973 impoffibilem
608 940 620 971 3
663 918 894 971 Impoffibili
923 920 1029 960 enim
1056 919 1285 961 conditioni
1314 923 1380 963 vix
1412 923 1605 977 adplicari

168 983 299 1034 potest
329 980 514 1022 definitio
546 980 805 1031 conditionis,
833 982 927 1035 quia
950 982 1102 1035 semper
1131 994 1283 1024 certum
1316 985 1370 1025 est
1402 999 1487 1026 eam
1520 999 1606 1027 non

169 1046 410 1086 exstituram.

226 1125 291 1149 20.
323 1110 513 1150 Poffibilis
541 1111 596 1149 est
626 1109 874 1161 potestativa,
909 1110 1086 1162 casualis,
1119 1115 1154 1150 ὅ(
1186 1112 1319 1151 mixta.
1375 1112 1606 1166 Potestativa

171 1172 240 1218 est,
257 1184 345 1222 quae
363 1172 419 1210 est
437 1171 477 1209 in
498 1170 678 1211 Haeredis
698 1172 906 1222 potestate,
935 1180 980 1208 ut
999 1169 1024 1210 fi
1042 1172 1217 1210 Romam
1234 1171 1310 1210 ibit
1330 1173 1394 1213 vel
1413 1187 1496 1213 non
1513 1175 1604 1218 ibit.

174 1233 340 1285 casualis,
367 1247 454 1285 quae
473 1247 494 1271 a
514 1233 600 1272 fato
620 1232 782 1285 pendet,
813 1243 857 1272 ut
881 1232 907 1272 fi
931 1232 1082 1272 Consul
1100 1232 1284 1287 eligetur.
1340 1235 1492 1283 Mixta,
1519 1250 1606 1289 quae

171 1296 316 1346 partim
337 1293 385 1334 ab
402 1292 571 1332 arbitrio
586 1292 771 1340 haeredis,
788 1294 936 1345 partim
951 1307 972 1332 a
990 1292 1077 1332 fato
1095 1294 1243 1345 pendet
1262 1294 1401 1344 veluti,
1417 1295 1605 1340 fiMaevio

171 1356 331 1396 consule
346 1358 519 1395 Romam
539 1355 672 1395 iverit.

224 1434 290 1460 21.
318 1417 567 1469 Impoffibilis
591 1416 776 1456 conditio
801 1415 1047 1467 quadruplex
1068 1417 1123 1455 est
1140 1416 1205 1456 vel
1230 1428 1378 1470 natura,
1408 1429 1453 1459 ut
1481 1419 1508 1461 fi
1531 1421 1603 1462 flu-

170 1496 257 1522 men
277 1481 463 1528 ebiberit,
491 1478 554 1518 vel
578 1478 667 1531 lege,
696 1491 784 1530 quae
802 1477 844 1516 id
871 1478 959 1517 fieri
989 1490 1072 1516 non
1091 1478 1257 1530 patitur,
1286 1491 1332 1519 ut
1358 1481 1385 1520 fi
1411 1484 1603 1526 Maevium

171 1544 379 1593 occiderit,
407 1542 471 1582 vel
486 1542 586 1581 bonis
602 1541 757 1582 moribus
776 1541 920 1595 quibus
937 1539 1121 1581 conditio
1140 1554 1349 1596 repugnat,
1368 1556 1414 1584 ut
1431 1545 1458 1584 fi
1475 1547 1604 1587 nudus

172 1611 214 1650 in
235 1607 328 1649 foro
356 1607 585 1657 saltaverit;
623 1606 687 1646 vel
712 1606 961 1660 perplexitate
989 1603 1191 1654 verborum,
1218 1606 1246 1647 fi
1282 1607 1403 1649 verba
1434 1609 1543 1650 inter
1565 1610 1606 1651 se

170 1683 361 1727 pugnant,
389 1682 434 1712 ut
453 1670 637 1711 conditio
657 1671 805 1710 exitum
825 1671 1006 1710 invenire
1027 1680 1210 1722 nequeat,
1237 1681 1281 1710 ut
1299 1672 1325 1712 fi
1345 1674 1448 1713 Seius
1467 1678 1606 1716 Haeres

173 1736 267 1782 erit,
295 1735 419 1775 ‘thius
439 1733 562 1774 haeres
580 1734 688 1783 est03
719 1732 774 1771 fin
797 1731 938 1779 Utius,
968 1730 1069 1770 Seius
1089 1729 1211 1770 haeres
1230 1734 1328 1774 esto.

228 1813 293 1839 22.
322 1796 518 1837 Conditio
546 1794 805 1848 impoffibilis‚
831 1794 907 1834 five
936 1804 1090 1842 natura,
1118 1792 1208 1842 five,
1235 1794 1323 1849 lege
1349 1803 1384 1838 ὅ(
1410 1798 1602 1849 moribus,

173 1875 250 1916 pro
267 1875 350 1900 non
369 1859 516 1912 scripta
539 1857 718 1899 habetur.
776 1856 973 1898 Conditio
991 1856 1177 1909 perplexa
1197 1857 1490 1901 institutionem
1515 1863 1606 1902 red-

175 1925 235 1965 dit
253 1923 450 1963 inutilem.

230 2001 294 2035 23.
324 1987 498 2038 Tempus
518 1984 759 2024 institutioni
785 1982 904 2037 adjici
930 1996 1011 2023 non
1031 1983 1171 2036 potest.
1230 1984 1268 2022 Si
1293 1984 1504 2039 adjiciatur
1522 1999 1603 2026 cer-

176 2060 260 2090 tum
277 2063 351 2103 pro
373 2048 618 2102 supervacuo
637 2048 690 2087 est
706 2068 717 2098 3
749 2046 788 2087 Si
808 2045 914 2100 quod
934 2047 1129 2087 incertum
1149 2048 1216 2097 est,
1235 2060 1284 2088 an
1302 2049 1531 2090 exstiturum
1545 2049 1603 2096 fit,

177 2123 252 2164 pro
271 2110 504 2155 conditione
523 2109 704 2151 habetur.

289 2204 446 2270 JUS
479 2206 666 2257 ANG
683 2205 732 2257 L
749 2204 1107 2257 ICANUM.
1149 2209 1208 2258 ad
1230 2208 1329 2259 Tit.
1347 2209 1488 2268 XIV.

226 2301 405 2338 Haeredem
428 2304 509 2350 juris
526 2304 633 2340 civilis
649 2309 684 2341 &
711 2304 810 2340 nostri
828 2305 991 2340 antistites
1016 2304 1153 2340 diverfis
1179 2306 1288 2341 modis
1312 2306 1491 2350 accipiunt.
1545 2303 1602 2339 Illi

933 2353 995 2398 Q
1514 2352 1604 2385 enim
