2059 2812
367 211 370 213 Α
403 150 474 215 ,36
803 147 1065 199 Elementa
1100 147 1246 214 Jurbs
1284 149 1449 202 Civilis

466 255 503 288 6.
536 250 597 288 Ut
625 257 756 286 autem
773 247 882 300 justae
910 245 983 286 fint
1011 249 1162 302 nuptiae
1193 249 1413 302 requiritur
1437 266 1469 289 1.
1491 260 1534 290 ut
1553 250 1734 303 personae
1754 266 1848 291 con-

407 309 594 358 trahant,
641 323 728 362 quae
760 310 821 363 jus
850 309 1053 349 Connubii
1090 310 1251 351 habent.
1313 325 1348 351 2.
1390 315 1450 351 Ut
1482 312 1579 365 justa
1615 314 1849 353 observetur

404 374 565 413 Forma.

462 449 497 480 7.
529 439 574 475 In
589 436 766 489 perlonis
780 436 1014 490 requiritur.
1079 441 1192 477 1.Ut
1207 437 1278 477 fint
1295 439 1400 478 cives
1414 441 1619 491 Romani,
1669 458 1704 482 2.
1727 443 1846 497 Justae

401 500 550 550 aetati3‚
606 516 641 550 3.
670 504 758 543 Nec
788 502 1042 554 Cognatione
1061 529 1073 549 ,
1122 516 1160 550 4.
1192 504 1278 543 Nec
1298 501 1504 542 Affinitate
1525 529 1537 550 ,
1586 519 1621 550 5.
1653 507 1737 546 Nec
1773 505 1844 545 ho-

399 563 565 613 nestate,
622 574 659 606 6.
689 568 776 608 Nec
797 565 874 604 alia
894 565 1002 619 Juris
1024 564 1167 605 Civilis
1187 565 1369 615 ratione,
1421 584 1455 613 7.
1486 570 1573 609 Nec
1593 569 1711 618 vitio,
1738 568 1846 622 quod

400 629 655 680 generationi
677 629 820 676 obstat,
850 627 1049 681 impediti.

466 696 502 731 8.
533 691 708 731 Primum
738 690 841 730 illud
875 691 1104 745 requisitum
1136 701 1245 732 arcet
1275 695 1519 747 peregrinOS,
1545 696 1612 748 qui
1642 697 1728 750 jure
1757 697 1843 746 suo,

397 766 481 793 non
506 755 697 794 Romano
715 753 868 795 nubunt
885 775 896 806 3
927 761 962 798 ὅ(
980 755 1129 804 servos,
1157 754 1227 807 qui
1251 769 1333 795 non
1354 757 1654 810 Matrimonium,
1671 758 1738 800 sed
1756 762 1839 800 con-

394 816 599 860 tubernium
620 817 878 859 contrahunt.

450 897 488 932 9.
520 882 741 926 Secundum
773 882 859 924 vult
885 891 930 920 ut
955 881 1115 923 mastuli
1145 881 1218 921 sint
1237 882 1420 936 puberes,
1449 886 1647 928 Foeminae
1668 888 1840 942 viri-po-

393 957 536 990 tentes.
596 947 711 989 Tales
731 958 863 988 autern
882 958 1008 985 mares
1023 948 1109 999 post
1129 961 1277 987 annum
1299 962 1358 996 14.
1384 947 1568 991 foeminas
1585 953 1671 1005 post
1689 967 1833 992 annum

393 1026 453 1052 12.
468 1015 538 1069 Jus
552 1012 693 1055 credit.

450 1094 512 1120 10.
543 1079 690 1120 Tertio
709 1077 952 1132 prohibetur
979 1078 1286 1119 Matrimonium
1317 1079 1356 1124 in
1387 1079 1492 1119 linea
1513 1082 1636 1129 reeta,
1663 1082 1741 1123 hoc
1765 1084 1834 1130 est,

385 1142 495 1184 inter
505 1143 776 1192 ascendentes,
803 1148 836 1184 ὃ(
857 1142 1137 1182 descendentes
1154 1144 1193 1181 in
1209 1142 1437 1194 infinitum3
1468 1144 1574 1195 quod
1591 1150 1625 1186 ὅ(
1643 1146 1683 1184 in
1711 1145 1833 1199 adop-

387 1206 482 1247 tivis
501 1207 635 1247 locum
650 1206 784 1253 habet,
805 1205 900 1245 licet
920 1205 1107 1243 diffoluta
1122 1205 1352 1257 adoptione.
1406 1208 1452 1243 In
1468 1204 1571 1245 linea
1593 1205 1754 1258 obliqua
1773 1209 1834 1263 jus

385 1269 522 1310 Civile
547 1279 703 1309 tantum
729 1277 842 1307 vetat
860 1266 1064 1320 conjungi,
1093 1266 1161 1320 qui
1186 1265 1256 1305 fibi
1278 1271 1506 1315 Parentum,
1533 1267 1836 1325 liberorumque

381 1330 478 1373 loco
501 1331 608 1381 sunt,
634 1345 707 1371 nec
733 1343 816 1369 non
840 1328 986 1369 fratres
1012 1333 1047 1369 ὅ(
1075 1327 1257 1379 sorores;
1287 1329 1407 1368 etiam
1435 1328 1661 1383 adoptivos,
1690 1333 1830 1388 Adop-

381 1394 495 1435 tione
511 1394 693 1434 durante.
750 1394 850 1447 Jure
866 1404 966 1431 vero
983 1388 1094 1430 civili
1108 1389 1156 1430 ad
1172 1400 1356 1443 quartum
1370 1390 1492 1443 usque
1507 1392 1675 1446 gradum
1704 1398 1828 1436 exclu-

368 1458 446 1511 sive*
473 1458 744 1513 prohibentur
769 1455 920 1509 nuptiae
946 1455 1054 1494 inter
1081 1454 1343 1495 collaterales.
1397 1454 1522 1496 Unde
1552 1456 1826 1502 Consobrinos

378 1538 423 1566 ac
446 1524 661 1578 patrueles,
687 1519 731 1562 id
744 1522 801 1562 est
825 1520 998 1561 duorum
1011 1518 1184 1560 fratrum
1202 1520 1266 1561 vel
1291 1519 1477 1559 sororum
1499 1521 1664 1571 liberos,
1686 1528 1824 1566 matri-

423 1636 525 1669 Arcet
541 1633 749 1682 peregrinos]
789 1633 877 1668 Cum
890 1632 1015 1666 Latino
1031 1632 1133 1665 etiarn
1147 1629 1198 1664 vel
1214 1630 1348 1672 Latina,
1366 1630 1545 1677 peregrino
1562 1629 1613 1663 vel
1632 1635 1822 1679 peregrina,

377 1684 446 1717 non
466 1692 560 1717 erant
583 1681 676 1728 justae
705 1682 831 1728 nuptiae
864 1678 923 1714 nisi
951 1678 1143 1714 concessum
1169 1676 1273 1720 effet;
1309 1675 1530 1713 Concedebat
1546 1679 1636 1712 enim
1655 1680 1820 1726 ejustnodi

375 1731 508 1777 nuptias
526 1729 667 1777 populus
684 1728 758 1773 lege
774 1727 943 1772 fingulari,
972 1736 1009 1761 ut
1025 1725 1126 1761 docet
1138 1726 1266 1768 Livius,
1293 1724 1369 1760 Lib.
1388 1727 1442 1772 38.
1463 1730 1517 1772 36.
1548 1723 1604 1759 ubi
1624 1725 1665 1760 de
1685 1730 1818 1773 Campa-

373 1782 418 1813 nis
435 1779 551 1813 3υᾶοῑ
568 1776 624 1820 est,
648 1775 741 1824 quod
766 1777 913 1823 primum
933 1773 1112 1809 habuerint
1127 1774 1180 1821 jus
1197 1771 1371 1807 Connubii
1388 1785 1462 1807 cnm
1478 1774 1642 1808 Romanis
1658 1791 1667 1815 ;
1695 1779 1730 1810 &
1748 1777 1818 1822 post

371 1823 615 1868 defectionem,
634 1836 711 1859 cum
731 1825 852 1858 iterum
866 1823 945 1857 vieti
964 1834 980 1856 a
996 1823 1160 1856 Romanis
1173 1820 1288 1862 essent,
1314 1821 1368 1856 M.
1382 1820 1602 1864 l'aLMeffizla,
1632 1824 1667 1856 &
1687 1825 1817 1859 C.Livi0

373 1875 547 1908 Salinatore
564 1871 636 1917 Coff.
657 1884 676 1906 a
700 1872 822 1906 Senatu
840 1871 1014 1918 petierint,
1040 1881 1072 1905 ut
1092 1870 1148 1917 fibi
1165 1871 1242 1904 cives
1259 1870 1410 1903 Romanas
1429 1869 1535 1903 ducere
1552 1880 1658 1903 uxores
1683 1872 1788 1906 liceret
1803 1889 1813 1914 3

375 1918 412 1954 ῥ’
435 1920 463 1966 fi
486 1922 538 1965 qui
561 1922 647 1965 prius
664 1921 819 1965 duxtssent,
845 1928 878 1952 ut
895 1919 1036 1953 haberent
1052 1931 1104 1953 eas
1120 1934 1130 1959 ς
1167 1915 1204 1952 (5
1224 1925 1295 1951 ante
1313 1917 1391 1951 diem
1412 1917 1491 1958 nati,
1518 1925 1551 1949 ut
1562 1915 1632 1960 justi
1641 1915 1697 1962 fibi
1715 1920 1813 1961 liberi,

371 1968 555 2013 haeredesque
571 1971 658 2014 essent
674 1984 684 2009 3
710 1967 814 2014 idque
830 1965 1055 2013 impetrarint.
1101 1966 1242 2000 Notum
1259 1963 1317 2006 est,
1339 1973 1507 2010 quantum
1528 1962 1664 1998 invidiae
1682 1965 1814 2001 Antonio

371 2017 495 2062 nuptiae
510 2027 586 2050 cum
605 2016 768 2060 Cleopatra
789 2013 1018 2048 conflaverint,
1071 2011 1135 2047 Sed
1162 2011 1232 2059 post
1256 2011 1530 2045 constitutionem
1549 2012 1693 2045 Antonini
1712 2014 1812 2046 Cara-

370 2064 448 2098 caua
469 2061 658 2108 promiscua
685 2061 779 2097 fuere
796 2062 883 2095 inter
910 2070 1026 2105 gentes
1053 2060 1234 2102 connubia,
1262 2063 1299 2095 ὃς
1325 2060 1374 2093 ita
1392 2057 1631 2102 intelligendus
1651 2059 1807 2096 Prudent⁴

369 2109 442 2147 adv.
460 2110 651 2158 Symmach.
672 2123 727 2146 11.
746 2122 775 2145 v.
793 2114 872 2144 612.

703 2179 859 2226 Distantes
876 2179 994 2224 regione
1005 2179 1114 2223 plaga,
1141 2177 1295 2223 divisaque
1308 2185 1394 2221 ponto

704 2228 813 2262 Litora
829 2227 1005 2261 conveniunt
1023 2237 1100 2259 nunc
1112 2235 1166 2270 per
1183 2226 1354 2259 vadimonia
1372 2223 1412 2257 ad
1429 2235 1520 2259 unum

702 2277 748 2310 Et
763 2286 912 2309 commune
925 2272 1048 2318 forum;
1075 2284 1154 2306 nunc
1167 2282 1222 2317 per
1239 2272 1425 2313 commercia,
1451 2269 1489 2305 &⁹
1506 2280 1588 2306 artes

707 2323 760 2357 Ad
775 2331 881 2356 catum
897 2322 1058 2360 celebrem
1085 2332 1161 2355 nunc
1174 2329 1228 2363 per
1239 2319 1376 2364 genialia
1389 2316 1496 2362 fulcra

701 2371 832 2406 Externi
850 2370 890 2404 ad
909 2367 1000 2415 JVS
1026 2368 1292 2403 CONNVBII.

1663 2415 1802 2454 monio
