2059 2812
448 182 552 230 124
653 135 657 137 ’
840 161 1101 212 Elementa
1138 159 1283 225 Juris
1321 161 1491 214 Civilis

958 262 1002 309 T
1040 276 1060 309 1
1100 276 1150 309 T.
1223 259 1361 308 XVI.

792 358 872 409 De
909 358 1150 427 Pupillari
1190 356 1542 424 Substitutione.

509 473 543 498 1.
577 458 811 498 Substitutio
831 457 1030 511 Pupillaris
1049 457 1103 495 est
1124 455 1360 496 Substitutio
1380 454 1482 495 faeca
1508 454 1644 495 liberis
1670 455 1882 509 impuberi-

448 520 518 561 bus
550 520 590 559 in
618 521 811 573 potestate
838 517 1036 558 testatoris
1062 517 1303 564 constitutis,
1330 523 1364 558 ὃ(
1392 518 1433 556 in
1463 517 1624 557 alterius
1646 519 1881 570 potestatem

446 596 497 623 eo
520 593 699 631 mortuo,
735 595 819 621 non
851 579 1054 627 recasuris‚
1090 582 1132 617 in
1163 593 1251 618 eum
1283 579 1410 619 casum
1440 578 1466 619 sl
1498 579 1600 619 intra
1631 579 1880 632 pubertatem

444 644 697 685 decefferint.

499 723 536 748 2.
568 706 755 748 Moribus
787 715 919 746 autem
950 704 1229 746 introductum
1260 706 1329 753 est,
1359 715 1403 744 ut
1434 705 1474 745 vi
1507 705 1647 758 patriae
1677 705 1880 758 potestatis

445 771 613 811 testator
633 761 748 824 poffit
767 769 902 809 liberis
922 767 1000 807 suis
1026 768 1300 820 impuberibus
1322 768 1580 808 successorem
1607 767 1716 817 dare,
1742 770 1809 821 qui
1836 768 1879 807 in

442 833 608 873 illorum
629 832 856 876 universum
874 832 933 887 jus
951 831 1142 881 succedit,
1169 845 1241 873 nec
1260 831 1527 873 creditoribus
1546 831 1794 873 haereditatis
1813 845 1879 884 pa-

442 904 567 938 ternae
587 908 759 938 tenetur.

500 975 537 1009 3.
569 962 808 1003 Substitutio
841 961 925 1002 haec
955 968 990 1003 ὃ(
1020 961 1144 1001 tacite
1168 962 1255 1002 fieri
1280 962 1421 1014 potest.
1480 964 1583 1003 Nam
1610 960 1784 1014 vulgaris
1812 974 1878 1000 ex-

442 1023 569 1076 pressa
596 1024 705 1064 inter
731 1038 799 1064 eos
824 1024 933 1063 inter
960 1036 1059 1076 quos
1084 1025 1212 1074 potest
1231 1025 1306 1063 effe
1325 1023 1532 1076 pupillaris
1559 1024 1738 1063 continet
1757 1024 1878 1066 tacite

439 1085 693 1138 pupillarem,
721 1092 755 1128 ὅ(
774 1086 950 1140 expressa
969 1085 1174 1138 pupillaris
1191 1085 1313 1125 tacite
1332 1087 1512 1126 continet
1531 1086 1749 1140 vulgarem.

493 1160 533 1194 4.
564 1149 748 1188 Testator
772 1160 905 1187 autem
925 1147 1180 1199 pupillariter
1205 1146 1436 1186 substituere
1465 1161 1547 1185 non
1579 1150 1724 1200 potest,
1751 1147 1821 1188 nist
1841 1153 1877 1189 ὅ(

438 1207 510 1248 fibi
543 1208 662 1250 faciat
696 1213 983 1252 testamentum.
1041 1212 1146 1251 Nam
1176 1209 1374 1263 pupillare
1399 1210 1694 1251 Testamentum
1725 1224 1814 1265 pars
1841 1218 1876 1253 ὅ(

437 1268 594 1323 sequela
611 1273 666 1312 est
685 1272 904 1312 testamenti
926 1271 1097 1324 paterni.

495 1346 533 1380 5.
564 1333 670 1373 Hinc
695 1339 730 1374 ἃ
749 1333 956 1385 pupillaris
970 1330 1209 1371 Substitutio
1227 1330 1400 1384 exspirat
1420 1332 1621 1372 infirmato
1642 1335 1877 1376 testamento

436 1404 624 1448 paterno,
652 1396 713 1436 uti
734 1402 769 1438 ὅ(
796 1396 1012 1450 pubertate
1030 1394 1132 1446 filii3
1161 1409 1234 1435 nec
1253 1409 1336 1435 non
1354 1395 1380 1436 fi
1400 1395 1503 1436 filius
1521 1407 1704 1450 tempore
1731 1399 1876 1439 mortis

434 1458 585 1499 definat
603 1461 681 1499 effe
701 1461 741 1499 in
760 1461 967 1512 potestate.

489 1530 527 1563 6.
547 1527 647 1564 Haec
661 1522 822 1575 quidem
842 1522 891 1560 ad
910 1535 1043 1562 veram
1059 1519 1297 1573 pupillarem
1311 1519 1631 1563 substitutionem
1643 1526 1871 1577 pertinent:

435 1584 513 1625 alia
544 1586 599 1625 est
629 1585 731 1638 quasi
748 1584 942 1638 pupillaris
974 1584 1049 1624 five
1080 1584 1314 1637 exemplaris,
1352 1584 1429 1637 qua
1449 1588 1637 1626 Parentes
1667 1588 1871 1644 utriusque

434 1648 545 1689 sexus
571 1648 709 1688 liberis
736 1659 871 1688 mente
901 1649 1041 1701 captis,
1080 1654 1114 1689 ὃ(
1146 1647 1198 1686 ob
1226 1647 1389 1687 eandem
1420 1650 1632 1699 rationem,
1672 1653 1870 1709 prodigis,

433 1711 554 1752 mutis
571 1717 606 1753 ὅ(
625 1710 766 1761 surdis,
794 1711 888 1752 licet
916 1709 1174 1752 exhaeredatis
1198 1710 1317 1749 etiam
1350 1712 1438 1764 post
1463 1711 1715 1764 pubertatem
1734 1714 1872 1756 substi-

433 1783 568 1823 tuunt,
596 1775 638 1814 in
661 1789 750 1816 eum
776 1774 918 1824 casum,
945 1773 973 1815 fi
991 1773 1137 1815 morbo
1162 1787 1235 1827 per
1259 1787 1376 1827 quem
1403 1775 1536 1816 testari
1555 1788 1771 1830 nequeunt,
1799 1778 1868 1819 de-

432 1838 634 1879 cefferint.

481 1944 679 1981 Substitutio
694 1945 782 1981 faeta
800 1945 915 1981 liberis
940 1946 1168 1995 impuberibus
1185 1946 1199 1995 ]
1238 1946 1437 1995 Hujusmodi
1453 1946 1726 1983 substitutionem
1743 1948 1789 1982 ita
1806 1948 1865 1983 de-

435 1991 550 2028 scribit
566 1995 744 2037 Horatius,
769 1994 839 2029 Ser.
855 1995 900 2029 11.
919 2009 948 2041 5.
970 2008 998 2030 v.
1013 2007 1069 2042 45.

765 2063 801 2096 Si
817 2063 866 2096 cui
877 2071 1021 2108 praterea
1038 2064 1154 2099 validus
1171 2065 1252 2098 male
1260 2064 1343 2110 filius
1360 2066 1390 2098 in
1411 2075 1443 2098 re

767 2108 917 2145 Praeclartfi
928 2110 1065 2154 sublatus
1081 2113 1200 2152 aletur3
1227 2123 1279 2145 nec
1296 2110 1480 2155 manifestum

767 2157 886 2191 Coelibis
899 2157 1066 2201 obsequium
1082 2158 1174 2191 nudet
1189 2167 1232 2198 te,
1256 2160 1364 2191 leniter
1381 2160 1411 2190 in
1422 2158 1505 2201 spem

766 2204 882 2247 Arrepe
899 2204 1044 2248 officiosus,
1070 2215 1099 2238 ut
1120 2203 1298 2248 &scribare
1314 2207 1338 2237 S
1345 2206 1373 2238 E
1385 2206 1413 2238 C
1420 2206 1450 2239 V
1452 2205 1489 2237 N
1493 2205 1526 2237 D
1536 2204 1591 2238 VS

769 2250 854 2284 HAE
862 2251 890 2284 R
900 2253 928 2285 E
939 2252 963 2284 S
972 2267 983 2291 3
1011 2250 1048 2286 (θ’
1061 2250 1089 2296 fi
1105 2252 1170 2295 quis
1187 2250 1272 2297 casus
1283 2261 1406 2296 puerum
1424 2252 1518 2296 egerit
1533 2262 1596 2285 orco

764 2297 800 2332 In
816 2309 943 2334 vacuum
960 2299 1071 2336 venias.

1695 2399 1731 2430 7.
1760 2386 1862 2426 Haec
