2059 2812
666 129 775 182 Lib.
815 130 854 182 J.
928 130 1024 184 Tit.
1059 131 1148 184 XJ.
1561 147 1658 196 43-

249 251 285 277 2,
319 232 546 278 Videndum
577 240 711 270 autem
747 246 780 272 1.
804 241 903 284 quot
934 231 1063 272 modis
1089 231 1157 270 fiat
1177 229 1374 282 Adoptio,
1403 235 1438 270 ὃ(
1465 242 1553 282 quae
1586 229 1632 269 fit

187 295 314 339 forma
336 302 370 337 ἃ
389 295 551 335 effeetus
580 293 818 349 singularum
837 294 1054 346 specierum
1074 292 1317 347 adoptionis,
1376 308 1413 333 2.
1443 292 1530 348 Qi
1551 293 1630 333 istis

189 359 315 400 modis
334 358 542 410 adoptare.
613 373 646 407 3.
677 357 765 411 Qi
786 356 841 394 ita
864 356 1052 410 adoptari
1069 356 1225 409 poffint.

241 440 277 474 3.
306 423 434 479 Qod
453 422 627 477 primum
648 430 766 474 caput
786 420 946 468 attinet,
977 419 1161 472 Adoptio
1182 419 1329 472 duplex
1349 420 1418 470 est,
1437 419 1501 460 vel
1518 418 1629 460 Ado-

185 488 273 541 ptio
293 489 333 528 in
352 489 480 541 specie
501 487 622 536 dieta,
650 486 716 528 vel
729 486 965 541 Arrogatio.

240 568 279 602 4.
313 553 496 606 Adoptio
525 552 567 590 in
594 552 724 605 specie
743 551 851 592 did‘ta
870 552 940 600 est,
970 564 1047 604 qua
1066 549 1236 605 persona
1255 549 1294 587 in
1315 547 1477 587 alterius
1505 551 1629 601 patris

186 613 260 655 sive
281 615 485 664 naturam,
512 612 588 655 five
607 613 790 666 adoptivi
808 615 1003 667 potestate
1023 613 1252 663 constituta,
1280 610 1524 651 auetoritate
1543 615 1630 651 Ma-

187 723 345 746 numerus
362 709 490 754 deerat,
515 721 572 758 pei·
590 707 809 755 adoptionem
824 707 881 743 fibi
898 719 1088 757 qucererent
1104 707 1242 749 liberos,
1266 705 1471 751 eosdemque
1490 706 1629 748 deinde,

186 762 244 803 (ne
266 759 363 793 oneri
381 757 500 803 effent)
521 756 579 792 ubi
594 756 776 791 honoribus
794 758 896 803 potiti
916 756 1035 799 essent,
1065 756 1173 790 statim
1192 755 1457 800 emancipatent.
1511 755 1625 788 Tacit.

189 806 303 841 Annal.
321 818 378 841 xv.
401 817 453 846 19.
591 806 807 839 Percrebuerat
829 817 866 838 ea
886 804 1055 850 tempestate
1075 805 1260 849 pravissimus
1274 812 1348 843 mos,
1376 812 1442 834 cuni
1456 804 1628 845 propinquis

188 856 337 895 Comitiis,
362 852 508 897 autfhrte
523 853 763 894 Prov5nciarum,
784 853 921 897 plerique
937 853 999 886 orbi
1009 852 1087 897 fietis
1104 849 1306 895 adoptionibus
1325 847 1522 893 adsciscerent
1535 849 1629 893 filios,

187 900 410 946 fleturusque,
434 898 470 935 ὅ)
482 901 656 935 Provincias
671 900 747 933 inter
760 900 972 946 patressortiti
981 898 1088 944 statim
1106 900 1277 933 emitterent
1291 907 1395 937 manu,
1416 907 1488 940 quos
1505 896 1631 941 adopta-

187 957 306 985 verant.
358 947 432 997 Q
457 959 568 992 magna
596 959 663 982 cum
688 949 801 982 invidia
819 945 964 992 senatum
986 947 1112 987 adeunt,
1138 948 1185 987 jus
1203 954 1327 986 naturae,
1353 944 1467 976 labores
1485 944 1631 978 educandi

187 995 327 1041 adversus
337 995 482 1041 fraudem
499 994 536 1030 (y
556 1005 651 1037 artes,
678 992 911 1029 &brevitatem
935 995 1098 1038 adoptionis
1121 1002 1318 1033 enmnerant;
1350 991 1435 1024 Satis
1457 992 1551 1035 pretii
1577 991 1632 1036 esse

188 1045 274 1086 orbis,
299 1043 374 1088 quod
393 1044 489 1077 multa
501 1042 680 1087 securitate,
706 1044 797 1076 nullis
812 1043 957 1083 oneribus,
976 1042 1131 1086 gratiam,
1155 1042 1287 1081 honores,
1314 1041 1416 1072 cuneta
1430 1047 1567 1082 prompta
1595 1037 1633 1074 &-

189 1093 273 1127 obvia
287 1092 439 1125 haberent.
492 1090 554 1124 Sibi
567 1091 702 1135 promissit
715 1091 816 1134 legum
832 1090 883 1124 diu
899 1091 1064 1136 exspectata
1093 1090 1124 1122 in
1142 1088 1303 1122 ludibrium
1319 1087 1408 1127 verti,
1434 1087 1552 1130 quando
1565 1087 1631 1131 quis

183 1139 246 1184 fine
280 1138 469 1182 solicitudine
492 1148 614 1181 parens,
633 1137 696 1181 fine
718 1139 798 1172 lustu
824 1139 923 1180 orbus,
950 1139 1037 1181 longa
1061 1145 1186 1180 patrum
1205 1144 1273 1170 vota
1299 1130 1419 1178 repente
1446 1133 1631 1179 adaequaret.

190 1187 310 1219 ficetum
330 1183 367 1227 cst
384 1195 421 1216 ex
438 1196 468 1217 eo
486 1186 520 1215 S.
533 1186 570 1216 C.
590 1195 625 1215 ne
643 1184 783 1224 fimulata
797 1185 924 1226 Adoptio
945 1184 975 1215 in
990 1185 1054 1216 ulla
1067 1193 1153 1226 parte
1168 1183 1299 1216 muneris
1308 1181 1421 1225 publici
1435 1182 1572 1223 juvaret,
1597 1193 1631 1215 aa

193 1243 228 1265 ne
250 1230 425 1277 usurpandis
442 1230 561 1273 quidem
574 1230 791 1262 hereditatibus
801 1230 952 1274 prodesset.
1276 1268 1280 1271 Δ

243 1290 274 1323 3.
302 1277 335 1310 Si
353 1276 429 1322 quis
446 1276 578 1322 patricii
595 1274 726 1307 ordinis
740 1274 979 1309 Tribuniciatn
994 1275 1191 1321 potestatem
1204 1272 1372 1314 ambiret3
1399 1273 1520 1307 utVoti
1536 1272 1633 1308 fieret

192 1335 342 1370 compOS,
374 1321 513 1357 Plebeio
544 1320 678 1355 cuidam
710 1320 741 1354 se
774 1320 1005 1367 adoptandum
1035 1320 1149 1354 dabat.
1203 1320 1403 1366 Exemplum
1439 1319 1633 1366 hujusmodi

193 1369 416 1407 fraudulente
436 1369 641 1416 Adoptionis
661 1367 799 1414 praebiiit
816 1371 851 1403 P.
870 1369 992 1403 Clodius
1007 1388 1051 1395 -
1068 1366 1187 1402 Simile
1205 1365 1304 1400 dedit
1314 1367 1492 1408 Dolabella,
1511 1369 1569 1414 qui
1588 1367 1634 1402 ob

192 1417 334 1454 eandem
350 1415 480 1451 causam
501 1418 534 1450 in
558 1417 703 1450 Gentem
724 1417 857 1450 Liviam
876 1416 1041 1464 plebeiam
1062 1413 1208 1449 transiit.

240 1468 345 1500 Erant
369 1477 446 1499 vero
471 1464 683 1511 Adoptiones
714 1463 860 1498 duorum
889 1475 1063 1508 generum.
1117 1461 1200 1497 Aliae
1225 1471 1530 1503 ADROGATmNEs,
1565 1459 1637 1496 aliae

193 1524 422 1550 ADOPTIONES
443 1512 603 1546 strictiore
624 1509 716 1546 sensu
744 1510 955 1546 dicebantur.
1009 1510 1080 1545 Illis
1101 1511 1231 1544 homines
1250 1508 1297 1543 sui
1325 1508 1410 1554 juris
1433 1524 1444 1550 3
1478 1507 1531 1542 his
1549 1510 1639 1544 liberi

194 1562 286 1596 alieni
306 1561 338 1593 in
357 1559 495 1594 alterius
514 1559 720 1606 potestatem,
748 1570 898 1602 gentem,
926 1571 1065 1600 nomen,
1093 1557 1124 1592 ἃ
1138 1556 1227 1593 sacra
1246 1554 1444 1590 transibant.

244 1607 476 1653 Antiquiffima
491 1606 624 1641 videtur
643 1604 740 1640 fuiss'e
758 1606 946 1651 Adtogatio
965 1605 1006 1640 fic
1024 1605 1114 1640 dieta
1129 1619 1147 1640 a
1170 1616 1385 1639 ROGATIONE
1410 1602 1452 1636 ad
1471 1602 1635 1650 populum

194 1655 273 1689 lata.
327 1656 482 1698 Arrogati
509 1666 589 1688 vero
607 1666 673 1688 tam
687 1655 763 1700 jure
789 1654 932 1701 legeque
952 1654 1014 1688 filii
1034 1662 1129 1687 etant
1148 1654 1230 1699 ejus,
1257 1653 1316 1698 qui
1335 1650 1569 1697 adoptaverat,
1596 1662 1635 1687 ac

194 1701 216 1736 fi
248 1714 289 1736 ex
318 1714 360 1736 eo
394 1712 488 1748 patre
514 1711 690 1748 matreque
723 1701 867 1736 familias
894 1702 966 1748 ejus
996 1700 1100 1735 effent
1124 1701 1203 1735 nati.
1259 1698 1489 1744 Adoptionem
1515 1697 1634 1745 seque-

195 1750 293 1783 batur
325 1749 501 1783 haereditas
526 1750 686 1791 nominis,
713 1751 875 1796 pecuniae,
903 1750 1084 1791 laetorum,
1121 1748 1202 1782 teste
1226 1747 1394 1781 Cicerone
1422 1757 1483 1791 pro
1505 1748 1631 1780 Domo.

196 1809 293 1832 xx11.
324 1796 381 1830 ubi
400 1798 592 1840 exagitatur
618 1795 758 1830 Clodius
781 1810 799 1831 a
826 1797 972 1831 Fonteio
996 1795 1187 1842 adoptatus,
1215 1792 1310 1840 quod
1342 1795 1373 1826 in
1392 1805 1428 1827 ea
1447 1792 1634 1841 adoptione

195 1845 281 1878 nihil
301 1844 456 1886 legitime
474 1843 600 1878 factum
616 1843 655 1877 sit
670 1843 833 1891 siquidem
849 1857 941 1889 neque
961 1846 1093 1878 Fonteius
1109 1843 1188 1888 esset,
1214 1844 1289 1887 quod
1305 1845 1356 1886 esse
1378 1841 1514 1883 debebat,
1539 1853 1634 1886 neque

197 1894 316 1926 Clodius
334 1893 439 1926 Putris
458 1893 589 1937 adoptiVi
609 1891 729 1934 Hares,
755 1904 849 1937 neque
867 1894 972 1938 amissis
988 1890 1082 1937 fizcris
1097 1892 1233 1936 paternis
1249 1892 1280 1923 in
1296 1890 1434 1932 adoptiva
1449 1889 1629 1932 pervenerit.

196 1941 320 1981 Immo,
348 1938 638 1985 quemadmodum
658 1941 797 1973 Patricii
821 1938 977 1986 adoptati
1003 1951 1019 1972 a
1048 1938 1190 1983 plebeiis
1216 1936 1256 1971 ad
1276 1936 1406 1983 plebem
1431 1934 1633 1977 transibant3

198 1989 243 2020 ita
259 1985 382 2034 plebeii
399 1987 551 2033 adoptati
569 2000 586 2020 a
601 1987 751 2021 patriciis
767 1987 885 2020 horum
911 1984 1203 2033 consequebantur
1227 1983 1439 2018 nobilitatem
1468 1995 1506 2016 ac
1533 1985 1634 2029 privi-

199 2034 297 2078 legia,
321 2034 412 2080 quod
441 2034 686 2069 demonstratur
712 2033 868 2082 exemplo
885 2034 948 2068 Cn.
968 2033 1123 2068 Cornelii
1143 2031 1227 2066 Coffi
1250 2032 1307 2078 qui
1326 2043 1367 2064 ex
1389 2030 1536 2072 Licinia,
1565 2030 1635 2076 ple-

201 2080 272 2115 beia
287 2081 427 2125 familia,
453 2083 632 2129 adoptatus
659 2083 693 2116 in
723 2083 899 2128 patriciam
926 2081 1119 2115 Corneliam
1152 2082 1300 2116 Tribunus
1329 2080 1457 2113 militum
1476 2078 1635 2122 Consulari

196 2129 334 2173 potestate
351 2128 428 2173 fuit,
456 2130 496 2165 ad
514 2142 614 2176 quam
629 2128 832 2173 dignitatem
852 2141 940 2164 anno
965 2127 1102 2163 demum
1119 2127 1276 2174 sequente
1296 2125 1438 2173 plebeiis
1456 2127 1507 2159 via
1525 2126 1634 2171 patuit

200 2175 278 2209 teste
292 2177 389 2209 Livio
408 2190 436 2222 5.
453 2191 505 2213 12.
529 2179 786 2212 Demonstratur
801 2177 892 2211 idem
912 2175 1068 2222 exemplo
1083 2178 1188 2217 Liviae,
1207 2186 1308 2220 quam
1325 2174 1465 2207 Tacitus
1477 2171 1631 2215 Annal.5.

205 2235 232 2257 1·
260 2224 602 2261 NOBILITATIS
621 2236 674 2270 per
691 2227 854 2260 Claudiam
869 2226 1040 2265 Familiam,
1066 2223 1104 2259 (ῥ’
1122 2222 1443 2259 ADOPTIONE
1464 2221 1632 2261 Liviormn,

194 2269 405 2316 Juliorumque
423 2275 580 2318 clarissnnae
599 2272 694 2307 fuiffe
713 2274 758 2306 ait
774 2289 784 2314 3
814 2276 850 2308 δε
864 2272 1000 2316 Augusti
1017 2271 1058 2306 de
1077 2283 1147 2319 quo
1163 2269 1265 2305 Ovid.
1288 2269 1370 2304 Fast.
1391 2281 1423 2313 4.
1445 2278 1535 2301 v.21.

534 2321 599 2354 Hic
616 2322 655 2354 aci
673 2321 715 2354 Te
734 2332 846 2365 magna
864 2320 1013 2365 descendit
1029 2321 1160 2364 imagine
1178 2318 1291 2363 mensis,

582 2368 680 2412 Etfit
698 2368 968 2405 ADOPTWA
993 2364 1328 2404 NOBILITATE
1354 2362 1446 2395 Tuus.
1486 2406 1490 2410 ι

965 2416 997 2452 F
1030 2428 1050 2450 2
1454 2407 1636 2461 gistratus
