2059 2812
356 169 390 204 2
761 140 1393 197 PROOEMIUM

355 247 490 294 lorum
510 253 544 289 ὅς
564 245 671 300 pacis
690 244 802 284 recte
822 241 935 296 poffit
963 241 1180 295 gubernari
1198 258 1206 278 :
1237 246 1270 281 ὃ(
1287 240 1473 295 Princeps
1497 243 1703 282 Romanus
1722 252 1803 278 non

357 312 485 353 solum
502 312 541 350 in
564 308 772 349 hostilibus
788 306 935 361 praeliis
949 307 1081 346 vietor
1101 305 1252 354 existat,
1282 303 1348 343 sed
1368 305 1487 343 etiam
1509 318 1581 358 per
1603 304 1806 358 legitimos

359 377 539 416 tramites
553 372 883 414 calumniantium
900 369 1128 422 iniquitates
1143 368 1316 421 expellat
1332 389 1342 419 3
1373 373 1406 409 ἃ
1420 369 1487 408 fiat
1505 381 1585 409 tam
1598 369 1696 422 juris
1712 368 1804 407 reli-

361 439 602 495 giofiffimus,
631 450 749 490 quam
768 435 884 475 victis
903 434 1081 474 hostibus
1100 432 1403 485 Triumphator.

421 517 456 543 1.
485 506 674 557 Qorum
704 510 913 551 utramque
941 499 1045 539 viam
1080 510 1171 536 cum
1200 495 1357 536 summis
1388 496 1550 550 vigiliis,
1583 496 1805 548 summaque

361 567 636 620 providentia,
675 574 871 604 annuente
903 563 1011 610 Deo,
1050 560 1303 614 perfecimus.
1362 563 1414 600 Et
1447 560 1612 601 bellicos
1643 559 1806 613 quidem

361 631 529 672 sudores
558 631 727 676 nostrOS,
755 626 957 666 Barbaricae
982 635 1120 679 gentes
1142 625 1208 664 sub
1234 626 1327 679 juga
1356 627 1486 665 nostra
1514 625 1682 665 reda&ae
1711 637 1805 677 cog-

360 696 557 737 noscunt:
600 699 634 734 3<
668 703 747 732 tam
774 691 927 744 Africa,
964 704 1080 743 quam
1109 690 1197 730 aliae
1227 690 1441 731 innumerae
1468 690 1690 731 Provinciae
1718 689 1805 741 post

359 769 471 799 tanta
493 769 722 811 temporum
744 756 885 808 spatia,
913 754 1056 794 nostris
1075 754 1261 795 victoriis
1291 768 1312 794 a
1332 753 1486 796 coelesti
1517 754 1678 794 numine
1707 766 1804 805 prae-

359 823 477 872 stitis,
507 822 655 862 iterum
680 820 827 860 ditioni
862 821 1071 867 Romanae,
1100 819 1316 872 nostroque
1349 819 1486 859 addita
1513 819 1684 873 imperio
1712 830 1804 870 pro-

359 887 567 927 testantur.
626 886 776 924 Omnes
790 896 889 923 vero
903 881 1047 935 populi
1066 881 1233 935 legibus,
1261 893 1342 922 tam
1361 896 1382 923 a
1400 883 1513 923 nobis
1527 880 1805 935 promulgatis,

359 964 477 1004 quam
496 946 722 1002 compositis
740 956 946 1001 reguntur.

416 1030 455 1054 2.
486 1017 540 1054 Et
559 1027 647 1054 cum
672 1010 937 1053 sacratiffimas
961 1010 1262 1051 constitutiones
1286 1020 1402 1051 antea
1424 1009 1604 1051 confusas
1627 1011 1665 1050 in
1696 1011 1804 1049 lucu-

359 1077 509 1120 lentam
527 1077 722 1119 ereximus
740 1074 1058 1124 consonantiam,
1086 1085 1181 1116 tunc
1200 1077 1372 1117 nostram
1395 1076 1639 1117 extendimus
1667 1089 1803 1116 curam

361 1142 412 1183 ad
445 1141 631 1184 immensa
661 1140 807 1180 veteris
833 1137 1058 1192 prudentiae
1089 1139 1318 1188 volumina,
1354 1146 1390 1181 ὅ(
1417 1153 1516 1192 opus
1553 1138 1804 1191 desperatum

360 1205 466 1259 quafi
492 1218 564 1258 per
589 1203 764 1244 medium
789 1200 1035 1254 profundum
1059 1209 1198 1241 euntes
1223 1201 1376 1242 coelesti
1407 1200 1546 1241 favore
1573 1202 1651 1253 jam
1681 1200 1804 1241 adim-

358 1269 571 1323 plevimus.

422 1350 456 1383 3.
487 1334 669 1382 Cumque
689 1328 780 1376 hoc,
808 1329 900 1367 Deo
919 1326 1116 1380 propitio,
1147 1327 1350 1380 peractum
1369 1327 1438 1376 est,
1469 1326 1688 1368 Tribonz'ano
1711 1329 1801 1370 viro

359 1395 583 1450 magnifico,
612 1392 806 1446 Magistro
834 1392 1138 1443 &Exquaestore
1162 1391 1261 1430 sacri
1279 1391 1422 1431 Palatii
1441 1394 1565 1433 nostri
1593 1399 1626 1434 ὃ(
1646 1396 1801 1435 Excon-

358 1460 444 1501 sule
464 1473 536 1499 nec
556 1471 636 1497 non
654 1455 847 1510 Theophila
866 1461 900 1497 ὃ(
922 1454 1113 1504 Dorothe0‚
1144 1455 1253 1496 Viris
1272 1455 1503 1505 illustribus,
1533 1459 1803 1499 Antecessori-

359 1525 445 1572 bus,
476 1522 667 1574 (quorum
697 1518 878 1561 omnium
908 1518 1128 1568 solertiam,
1156 1524 1192 1561 ὅ(
1216 1517 1346 1573 legum
1377 1521 1602 1570 Scientiam‚
1631 1527 1665 1563 ἃ
1693 1523 1801 1566 circa

357 1588 508 1629 nostras
526 1584 708 1638 juffiones
732 1583 850 1624 fidem
877 1583 954 1638 jam
975 1597 1024 1622 ex
1049 1583 1182 1624 multis
1213 1597 1346 1624 rerum
1372 1586 1614 1638 argumentis
1647 1588 1801 1641 accepi-

357 1655 475 1706 mus‚)
506 1650 750 1698 convocatis,
777 1648 1051 1690 mandavimus
1072 1648 1312 1702 specialiter,
1340 1662 1383 1692 ut
1408 1651 1478 1705 ipfi
1505 1651 1637 1692 nostra
1662 1654 1799 1694 aueto-

358 1715 496 1765 ritate,
524 1714 743 1768 nostrisque
764 1713 1002 1756 suafionibus
1018 1715 1296 1757 Institutiones
1324 1727 1639 1770 componerent:
1678 1728 1723 1758 ut
1750 1719 1798 1758 li·

356 1790 444 1821 ceat
463 1778 578 1821 vobis
600 1779 728 1832 prima
745 1779 878 1834 legum
896 1778 1090 1820 cunabula
1111 1794 1192 1821 non
1210 1780 1259 1821 ab
1277 1781 1450 1835 antiquis
1468 1779 1610 1821 fabulis
1630 1780 1797 1832 discere,

367 1900 370 1904 ’
404 1887 715 1936 Calumniantium]
745 1888 924 1924 Calumnia
943 1889 989 1924 est
1006 1888 1207 1937 improbitas
1229 1901 1300 1936 quae
1315 1891 1350 1924 in
1365 1889 1506 1936 judiciis
1525 1889 1681 1926 versatur.
1718 1891 1792 1927 Cic.

356 1945 392 1969 2.
415 1933 456 1968 de
472 1937 560 1983 Rep.
573 1957 656 1962 —-
673 1941 725 1972 Ut
741 1939 894 1971 Carneadi
911 1938 1125 1983 respondeatis,
1149 1940 1200 1984 qui
1220 1938 1294 1984 sape
1310 1940 1439 1984 optimas
1455 1938 1563 1984 causas
1585 1940 1698 1985 ingenii
1713 1942 1741 1974 C
1747 1943 1795 1975 A-

356 1982 387 2017 L
401 1983 530 2017 VMN
542 1987 597 2020 IA
616 1985 768 2029 ludificari
784 1983 872 2027 fhlet.

407 2030 506 2064 Tunc
525 2032 665 2065 nostram
685 2030 901 2065 extendimus
915 2031 1042 2079 curam]
1070 2033 1125 2067 De
1142 2032 1217 2079 jure
1235 2031 1327 2066 civili
1346 2033 1379 2066 in
1407 2042 1512 2066 artem
1532 2032 1732 2077 redigendo,
1755 2038 1792 2071 ὃς

356 2073 505 2124 dispersa
530 2077 794 2125 jurisprudentia
821 2079 856 2112 in
877 2091 982 2113 unum
1000 2079 1102 2114 veluti
1130 2091 1249 2127 corpus
1267 2078 1509 2127 compingenda
1522 2081 1707 2126 Ciceronem,
1732 2085 1789 2118 Cn.

357 2122 539 2168 Pompeium,
562 2125 594 2160 δι
610 2126 737 2172 Julium
754 2125 899 2170 Caesarem
917 2126 999 2161 olim
1014 2125 1174 2171 cogitasse
1191 2127 1319 2163 ferunt.

406 2172 469 2206 Per
490 2173 642 2208 medium
661 2172 883 2220 profundum]
913 2174 974 2208 Per
994 2174 1118 2209 medias
1134 2173 1360 2210 difficultates.
1401 2177 1476 2210 Liv.
1496 2174 1571 2210 Lib.
1588 2189 1642 2222 31.
1659 2176 1739 2225 Cap.
1758 2189 1788 2214 1.

357 2218 498 2254 Provideo
511 2222 609 2256 animo
624 2224 655 2256 in
668 2220 820 2266 vastiorem
838 2233 883 2255 me
902 2223 1111 2266 altitudinem,
1138 2235 1174 2258 ac
1190 2225 1275 2259 velut
1292 2222 1471 2269 profundum
1493 2225 1603 2258 invehi.

408 2268 636 2313 Exquaestore]
675 2268 828 2315 Qaestor
847 2269 1120 2316 aetateJustiniani
1137 2272 1162 2304 is
1177 2281 1261 2313 erat,
1279 2283 1378 2317 quem
1397 2271 1505 2305 nostra
1523 2281 1599 2307 aetas
1616 2271 1792 2307 cancella-

355 2312 442 2347 rium
459 2325 569 2358 vocat,
593 2315 635 2350 ad
649 2328 752 2363 quem
771 2327 849 2350 cura
866 2315 979 2360 legum
999 2320 1035 2352 &
1050 2318 1135 2364 juris
1150 2319 1306 2365 pertinet.
1359 2318 1592 2366 Exquaestores
1608 2322 1790 2356 &Excon-

356 2357 442 2395 sules
457 2373 475 2395 a
488 2361 660 2409 Jtfiiniano
677 2362 848 2407 dicuntur,
875 2365 935 2412 qui
954 2377 973 2399 a
986 2365 1115 2401 Latinis
1129 2365 1309 2412 Qaestorii
1326 2368 1362 2402 δε
1374 2365 1582 2402 Consulares,
1722 2411 1748 2453 s
1764 2411 1790 2453 d

1741 2426 1760 2452 Ε
