2059 2812
551 131 675 186 Lib.
713 130 779 183 II.
850 128 948 184 Tit.
983 128 1176 184 XXIII.
1323 125 1334 128 ”
1485 142 1585 192 145

646 234 691 284 T
727 248 750 283 1
785 248 832 282 T.
901 232 1101 284 XXIII.

358 332 436 385 De
472 330 948 397 Fideicommiffiariv's
977 328 1381 381 Haereditatibus.

214 453 249 480 1.
279 439 478 481 Ha&enus
497 437 547 477 de
565 436 881 479 Haereditatibus
900 441 935 477 &
957 434 1117 488 Legatis
1142 434 1181 474 in
1211 434 1351 487 quibus
1371 430 1587 473 defideran:

157 513 225 543 tur
247 502 367 543 verba
387 502 539 542 dire&a
556 506 590 542 ὅ(
610 499 844 553 imperativa
863 518 874 550 3
904 499 1121 551 sequuntur
1137 495 1473 542 Fideicommiffa,
1499 507 1586 547 quae

157 566 290 608 verbis
309 565 486 617 obliquis
510 564 576 604 seu
594 562 807 616 precativis
827 562 1122 614 relinquuntur.

212 645 250 671 2.
280 633 338 670 Ea
357 630 419 670 vel
446 627 667 680 universalia
694 626 863 666 sunt'vel
881 626 1094 679 fingularia.
1150 625 1214 664 De
1236 622 1313 662 illis
1337 621 1429 668 hoc,
1458 619 1508 659 de
1527 618 1587 658 his

155 692 342 747 sequente
369 692 492 732 titulo
520 691 667 744 agitur.
725 689 973 740 Univerfizlia
995 701 1093 740 ergo
1114 687 1216 734 sunt,
1243 685 1403 739 quando
1420 681 1587 723 haeredi—

157 767 214 797 tas
237 758 368 811 ejusve
387 768 475 809 pars
504 755 552 794 ab
572 753 754 793 instituto
778 752 1019 806 relinquitur
1039 750 1169 790 verbis
1196 748 1422 804 precativis,
1449 745 1587 786 titulo-

156 834 230 873 que
250 819 474 860 universali.

213 900 247 932 3.
278 884 410 938 Origo
439 880 851 922 Fideicommiffomm
886 879 970 919 haec
1002 878 1106 929 fuit;
1146 878 1247 918 Cum
1274 875 1503 929 quibusdam
1528 872 1588 912 di-

156 949 265 989 reete
302 961 382 988 non
405 947 565 1000 possent
592 945 866 984 haereditatem
892 943 956 982 vel
983 942 1112 995 legata
1143 942 1384 994 relinquere,
1423 953 1469 979 ea
1494 936 1588 977 fidei

156 1010 460 1051 committebant
490 1021 644 1056 eorum,
672 1008 739 1060 qui
772 1018 913 1059 capere
933 1019 980 1044 ex
998 1005 1232 1044 testamento
1252 1011 1454 1056 poterant.
1486 1015 1528 1041 v.
1546 1012 1585 1038 G.

154 1075 255 1127 Jure
286 1072 396 1114 civili
432 1084 559 1124 neque
591 1070 818 1124 peregrini,
860 1081 988 1121 neque
1022 1067 1212 1115 coelibes,
1247 1073 1282 1108 ὅ(
1315 1065 1425 1113 orbi,
1461 1075 1588 1115 neque

157 1152 299 1177 uxores
329 1138 562 1177 testamento
594 1134 768 1175 haeredes
795 1134 948 1173 institui
975 1143 1189 1185 poterant:
1231 1131 1258 1171 fi
1278 1142 1407 1170 tamen
1426 1129 1591 1168 testator

157 1199 319 1239 volebat
339 1197 387 1238 ad
407 1198 678 1249 peregrinum,
706 1196 755 1235 ad
775 1195 978 1243 coelibem,
1006 1193 1055 1232 ad
1079 1193 1238 1241 orbum,
1266 1193 1330 1232 vel
1351 1191 1401 1230 ad
1426 1201 1591 1229 uxorem

158 1261 430 1303 haereditatem
456 1260 683 1312 pervenire,
710 1258 802 1297 fidei
829 1257 996 1296 haeredis
1028 1257 1199 1295 instituti
1228 1253 1520 1301 committebat,
1546 1261 1589 1290 ut

159 1322 430 1363 haereditatem
453 1320 684 1373 peregrinO,
712 1318 830 1368 orbo,
858 1317 1014 1365 coelibi,
1044 1318 1106 1356 vel
1131 1317 1248 1356 uxori
1268 1316 1507 1356 restitueret.

209 1398 250 1433 4.
282 1382 388 1423 Hinc
417 1381 565 1421 constat
593 1387 628 1422 ὅς
652 1381 755 1420 ratio
774 1380 959 1427 nominis,
988 1392 1130 1432 nempe
1151 1375 1465 1417 Fideicommiffa
1495 1374 1588 1415 inde

157 1447 266 1488 dieta
284 1446 375 1494 esse,
404 1445 494 1497 quia
519 1443 634 1483 nullo
655 1443 815 1483 vinculo
841 1443 951 1496 juris,
979 1442 1045 1482 sed
1075 1451 1231 1481 tantum
1259 1440 1414 1494 pudore
1433 1452 1589 1491 eorum,

156 1512 227 1565 qui
249 1509 508 1563 rogabantur,
535 1508 845 1558 contineantur;
878 1520 897 1544 a
921 1505 997 1544 fide
1025 1505 1215 1544 nimirum
1236 1503 1414 1549 haeredis,
1442 1517 1464 1541 a
1481 1504 1590 1555 cujus

160 1571 307 1620 officio,
325 1580 441 1623 atque
457 1569 628 1609 arbitrio
646 1569 744 1607 olim
763 1568 821 1606 vis
840 1568 967 1606 omnis
984 1566 1264 1607 fideicommiffi
1276 1564 1490 1616 pendebat,
1507 1577 1591 1604 non

159 1636 208 1675 ab
229 1634 466 1675 auetoritate
483 1633 592 1687 juris,
641 1632 762 1672 Unde
780 1631 975 1684 sequitur,
989 1631 1288 1671 *fideicommissa
1307 1629 1438 1669 omnia
1454 1628 1591 1680 primis

161 1697 405 1753 temporibus
425 1696 577 1736 infirma
592 1694 720 1742 fuiffe,
750 1694 844 1746 quia
864 1707 982 1732 nemo
1007 1693 1151 1732 invitus
1171 1691 1389 1747 cogebatur
1408 1691 1590 1743 praestare

207 1803 312 1838 Unde
331 1803 482 1849 sequitur
504 1802 758 1838 fideicommissa
784 1804 897 1837 omnia
927 1803 1042 1849 primis
1060 1800 1264 1848 temporibus
1291 1799 1425 1833 infirma
1455 1796 1588 1843 Εὐας]

161 1852 259 1885 Licet
276 1851 316 1885 ad
334 1850 626 1885 fideicommissum
648 1850 864 1897 praestandum
883 1850 971 1884 nulla
990 1848 1175 1884 neccffitate
1192 1846 1461 1890 obstringebatur
1475 1845 1591 1888 haeres,

162 1907 292 1931 veteres
320 1908 433 1932 tamen
465 1897 696 1932 existimabant
728 1907 842 1931 contra
874 1896 1021 1931 officium
1051 1895 1133 1930 boni
1165 1896 1238 1930 Viri
1272 1893 1436 1928 haeredem
1466 1890 1590 1933 facere,

163 1944 334 1991 fidemque
352 1945 490 1987 violare,
517 1946 575 1991 qui
597 1944 758 1978 voluntati
776 1944 940 1977 testatoris
966 1956 1031 1976 non
1060 1953 1216 1989 pareret3
1257 1952 1292 1975 ut
1318 1941 1527 1986 perspicuum
1546 1939 1591 1972 est

163 2003 204 2025 ex
220 2003 261 2024 eo
281 1991 374 2038 quod
392 1991 434 2025 de
458 1993 559 2026 Sexto
578 1990 741 2025 Peducaeo
758 1991 861 2025 refert
885 1990 958 2024 Cic.
979 1989 1053 2024 Lib.
1069 2002 1100 2024 2.
1127 1989 1170 2023 de
1189 1987 1301 2022 Finib.
1320 2000 1394 2034 cap.
1414 1987 1592 2020 18.-—Si

164 2048 194 2071 te
211 2040 325 2072 amicus
343 2048 411 2073 tuus
432 2040 559 2073 moriens
580 2040 740 2083 rogaverit,
764 2049 799 2072 ut
815 2038 1016 2071 [mn-ditarem
1036 2038 1142 2071 reddas
1162 2036 1220 2080 suae
1240 2036 1322 2081 filu,
1347 2047 1399 2068 nec
1417 2032 1543 2077 usquam
1560 2034 1592 2066 id

159 2084 320 2128 firipserst,
342 2085 497 2131 utscripfit
507 2086 623 2127 Fadius,
649 2097 700 2119 nec
712 2086 852 2130 cuiquam
866 2086 998 2118 dixerit:
1026 2084 1117 2130 Qui
1125 2083 1226 2127 facies
1245 2087 1258 2116 ἓ
1276 2083 1322 2116 Tu
1336 2082 1453 2126 quidem
1463 2079 1567 2113 reddes
1581 2091 1589 2112 :

166 2130 223 2174 ipse
232 2133 378 2175 Epicurus
385 2131 508 2176 fortaffi’
522 2133 675 2166 redderer.-
701 2136 752 2167 Ut
762 2135 871 2166 Sextus
882 2132 1042 2171 Peducaeuss
1059 2132 1185 2165 SextiF.
1202 2131 1237 2170 is,
1255 2131 1307 2174 qui
1318 2130 1392 2162 hunc
1407 2126 1529 2172 nostrum
1542 2137 1591 2160 re-

166 2179 270 2221 liquit,
297 2178 466 2222 effigiem&
482 2181 677 2213 humanitatis
703 2178 739 2213 ὄν
758 2180 916 2223 probitatis
928 2178 988 2222 sua>
1014 2178 1125 2222 filium,
1151 2188 1214 2211 tum
1240 2178 1349 2216 dostus,
1374 2184 1436 2208 tum
1464 2174 1591 2206 omnium

165 2227 212 2258 vir
243 2226 369 2268 optimus
394 2223 430 2259 (ἴθ’
450 2225 629 2270 jusiifflmus,
655 2238 721 2260 cum
740 2227 832 2270 sciret
848 2238 930 2259 nemo
947 2237 1014 2259 eum
1031 2234 1164 2268 rogatum
1187 2236 1206 2257 a
1220 2226 1257 2256 C.
1277 2223 1385 2263 Plotio,
1413 2221 1512 2264 equite
1529 2218 1590 2251 Ra-

165 2282 254 2305 mano
263 2272 423 2316 splendido,
448 2273 582 2318 Nurfino,
608 2275 683 2307 ultro
698 2275 737 2307 ad
754 2275 904 2308 mulierem
922 2274 1016 2315 venit,
1042 2274 1126 2316 eique
1146 2273 1221 2306 nihil
1238 2269 1371 2315 opinanti
1391 2268 1447 2301 viri
1466 2265 1592 2299 manda-

167 2327 230 2352 tum
250 2317 392 2363 exposuit,
415 2319 668 2364 haereditatemque
684 2321 822 2355 reddidit.
1552 2357 1595 2392 Et
