2059 2812
535 141 647 195 Lib.
681 142 770 195 III.
825 140 940 196 Tit.
978 141 1147 195 XXV.
1467 159 1563 211 199

447 243 526 295 De
563 244 826 295 ContracJu
861 241 1242 313 EmphyteuseOS.

196 357 230 381 1.
260 340 471 382 Occasione
502 342 614 395 hujus
643 341 754 381 tituli
784 347 820 382 ἃ
838 341 887 380 de
918 354 1184 381 EMPHYTEvsr
1216 339 1300 395 agit
1327 343 1568 394 Imperator,

139 418 224 457 quae
262 419 381 457 quum
414 412 449 447 ὃς
481 406 678 459 emptioni
711 403 952 452 venditioni,
990 409 1024 444 ἃ
1053 405 1271 445 Locationi
1303 405 1568 447 conductioni

137 465 431 518 quodammodo
462 466 598 506 adfinis
630 464 701 517 fit;
745 467 878 506 neutri
913 476 1044 506 tamen
1075 469 1302 509 commelini
1337 482 1409 520 per
1435 472 1569 511 omnia

135 526 267 567 similis
289 530 356 577 est,
385 528 476 570 hinc
498 527 729 583 fingularem
751 538 933 569 naturam
948 540 1019 581 per
1036 530 1362 570 constitutionem
1378 533 1568 585 Znonia-

135 603 219 627 nam
239 591 401 643 accepit.

188 667 228 691 2.
259 651 529 705 Emphyteufis
557 654 622 693 xm*
648 655 691 694 τέ
717 655 894 707 ἐμφυπύεαν
913 653 1075 694 dicitur.
1134 655 1320 696 Solebant
1340 658 1447 698 enim
1464 658 1569 701 fatsta

134 714 345 766 provincia
364 715 448 767 agri
470 714 621 767 publici
653 717 742 755 culti
760 729 837 769 pro
857 726 969 755 certo
1001 717 1169 772 vestigali
1194 732 1327 758 annuo
1358 721 1399 760 in
1427 734 1569 774 perpe-

136 788 246 818 tuum
272 779 422 829 locari3
454 780 583 818 inculti
602 789 730 820 autem
747 793 823 834 pro
843 795 984 831 canone,
1013 780 1088 820 five
1105 781 1288 835 penfione
1309 797 1439 824 annua
1463 786 1569 827 tradi

136 842 176 880 in
192 841 492 894 Emphyteufin3
524 843 581 882 ita
599 853 644 881 ut
657 843 938 896 Emphyteutae
958 846 1014 897 jus
1026 845 1222 886 Dominio
1239 849 1476 900 proximum,
1505 850 1571 890 vel

134 903 223 941 utile
254 902 494 942 Dominium
529 903 570 943 in
603 904 681 943 illis
715 905 1065 957 consequerentur.
1123 908 1258 948 Postea
1291 908 1396 949 idem
1428 912 1490 964 jus
1517 911 1568 950 ad

133 978 248 1018 agros
276 971 311 1006 ὅ(
342 966 418 1004 alia
450 965 598 1019 praedia
623 968 867 1021 Principum,
895 968 1167 1018 Ecclefiarum,
1195 971 1383 1021 Urbium,
1410 974 1506 1026 quin
1532 980 1570 1015 ὃς

134 1030 386 1070 Privatorum
417 1031 618 1083 prolatum
650 1033 718 1082 est,
745 1048 831 1087 quae
865 1035 969 1075 bona
996 1035 1221 1088 promiscue
1244 1036 1325 1078 dici
1352 1050 1568 1092 coeperunt

136 1091 350 1145 Veft'igalia,
378 1097 412 1133 ὅ(
429 1093 720 1147 Emphyteutica.
1186 1131 1189 1134 .

192 1170 225 1202 3.
257 1157 324 1208 Jus
343 1166 441 1207 ergo
452 1156 763 1206 Emphyteuseos
782 1157 1037 1196 constitutum
1056 1159 1144 1211 post
1158 1159 1420 1201 traditionem
1435 1163 1495 1201 rei
1514 1165 1570 1204 est

136 1215 206 1265 Jus
228 1215 266 1254 in
285 1231 321 1254 re
337 1225 434 1267 puta
448 1217 685 1257 Dominium
704 1218 830 1257 minus
844 1219 1015 1271 plenum,
1045 1222 1107 1260 vel
1126 1225 1196 1277 Jus
1214 1225 1411 1265 Dominio
1431 1227 1567 1277 proxi-

133 1291 267 1329 mum3
298 1277 402 1317 unde
421 1278 467 1326 is,
494 1292 611 1330 penes
630 1293 749 1331 quem
771 1281 978 1321 Dominium
998 1283 1169 1324 direZZum
1191 1287 1246 1325 est
1274 1288 1449 1327 Dominus
1479 1291 1567 1328 Em-

127 1339 340 1394 phytenseos
356 1361 368 1391 ,-
415 1339 517 1380 alter
546 1341 610 1381 cui
637 1343 844 1383 Dominium
874 1345 965 1384 utile
996 1347 1204 1399 competit,
1233 1349 1478 1404 Emphyteuta
1496 1365 1566 1394 vo-

133 1414 260 1446 catur.

189 1483 228 1518 4.
259 1469 496 1509 Contractus
522 1482 620 1522 ergo
647 1469 962 1523 Emphyteuseos
996 1475 1052 1514 est
1080 1475 1282 1515 contraditas
1311 1477 1569 1531 Consensualis,

135 1577 362 1624 praescriptum
393 1577 546 1622 accipere
578 1586 747 1612 tenentur.
799 1581 929 1614 Domos
960 1590 1087 1624 tamen,
1119 1595 1201 1629 quas
1225 1583 1259 1617 in
1277 1583 1388 1632 aliqua
1406 1584 1565 1628 Civitate‚

134 1628 258 1668 Burgo,
285 1624 373 1659 Villa
392 1625 617 1670 incorporata,
644 1635 700 1658 aut
726 1624 863 1671 publico
882 1629 1045 1674 Emporio
1063 1628 1135 1663 {itas
1156 1630 1291 1673 habent,
1318 1635 1354 1666 δε
1381 1631 1499 1666 fundos
1524 1633 1565 1667 ad

134 1684 189 1705 eas
207 1671 403 1718 ipe&ante5‚
431 1671 489 1715 qui
515 1671 738 1716 quantitatem
755 1671 872 1706 decern
891 1686 1042 1708 acrarum
1063 1688 1127 1709 non
1149 1678 1331 1720 attingunt,
1358 1690 1424 1712 non
1451 1680 1567 1726 prohi—

134 1717 268 1760 bentur,
294 1729 363 1764 quo
383 1718 492 1751 minus
511 1718 604 1763 juxta
623 1729 838 1753 communem
859 1721 983 1764 Angliae
1010 1722 1132 1765 legem,
1158 1723 1263 1757 modo
1286 1726 1421 1770 privatis
1449 1726 1564 1762 Colle-

134 1766 280 1808 giorum,
305 1773 361 1798 aut
380 1762 601 1798 Ecclefiarum
621 1763 760 1799 Statutis
778 1779 844 1799 non
860 1769 1072 1810 contrariam,
1098 1769 1203 1803 libere
1217 1770 1401 1805 dimittant.

183 1813 306 1845 Terras
323 1810 510 1844 conducere
527 1823 642 1845 omnes
659 1811 791 1858 poffunt
815 1814 1025 1857 regulariter,
1052 1815 1269 1851 Ecclefiastici
1288 1828 1410 1861 tamen,
1435 1818 1494 1853 nifi
1523 1820 1563 1854 ad

135 1856 349 1892 necessariam
369 1855 500 1891 familiae
518 1856 579 1891 suae
600 1856 888 1903 sustentationem,
919 1861 982 1895 hoc
999 1861 1107 1896 facere
1124 1863 1355 1910 prohibentur.

182 1903 380 1938 Conductor
406 1903 448 1937 ad
473 1906 538 1938 vim
558 1905 716 1949 majorem
743 1918 809 1940 non
837 1917 983 1950 tenetur,
1010 1919 1129 1955 utpote
1157 1912 1310 1954 ingentes
1340 1912 1564 1959 tempestates,

135 1960 192 1986 aut
209 1950 353 1985 hostium
370 1949 551 1992 incursum,
574 1950 633 1984 nifi
651 1951 692 1986 ad
711 1952 774 1987 hoc
792 1953 824 1988 se
842 1954 994 2002 expresse
1012 1956 1222 2000 obligaverit.

181 2035 367 2080 Vefflgalia
400 2040 436 2072 δε
464 2037 769 2084 Emphyteutica.]
806 2040 882 2082 Agri
917 2039 1173 2087 Emphyteutici
1202 2040 1400 2077 dicebantur
1429 2047 1466 2078 δε
1493 2044 1566 2088 agi-i

135 2082 324 2126 veffigales,
345 2095 363 2117 a
380 2084 546 2128 vectigali,
570 2084 604 2118 id
619 2086 674 2126 est,
698 2084 871 2131 peniione,
895 2085 951 2120 seu
966 2088 1114 2132 Canone,
1142 2090 1201 2136 qui
1217 2102 1234 2124 a
1250 2090 1483 2137 possessoribus
1500 2090 1565 2125 soi-

135 2130 237 2163 vitur.
288 2132 385 2164 Nam
401 2131 552 2174 Vectigal
571 2131 758 2178 quemlibet
775 2131 922 2167 reditum
938 2133 1118 2178 fignificat.
1170 2136 1293 2172 Cicero
1309 2139 1343 2172 in
1358 2137 1561 2172 paradoxo.

136 2177 271 2210 ——Ex
290 2179 371 2212 tenui
388 2190 450 2213 meo
466 2180 607 2224 Veffigali
624 2180 740 2224 aliquid
757 2181 851 2214 etiam
867 2182 1026 2217 redundat.
1042 2185 1133 2217 —Et
1149 2184 1270 2219 Horat.
1287 2185 1354 2219 Sat.
1371 2183 1447 2219 Lib.
1468 2187 1510 2218 11.
1532 2197 1562 2218 2.

134 2232 164 2256 v.
183 2234 257 2257 100.

914 2276 980 2320 Ego
1006 2278 1165 2321 vectigalia
1190 2289 1319 2323 magna,

467 2318 658 2364 Divitiasque
685 2320 772 2356 habeo
797 2321 891 2356 tribus
915 2324 1028 2367 amplas
1055 2325 1186 2370 regibus.

1518 2388 1560 2426 sle
