2059 2812
370 165 440 215 34
763 146 1024 197 Elementa
1060 142 1208 211 Jurz's
1243 145 1410 197 Civilis

425 261 463 296 5.
493 247 695 287 Caeterum
723 244 886 284 effeetus
906 243 1048 296 patriae
1068 244 1274 297 potestatis
1302 244 1488 298 speciales
1517 247 1684 301 plurimi
1714 247 1816 297 sunt,

369 318 416 351 ut
450 310 493 351 in
521 309 609 363 jure
638 308 883 362 nuptiarum,
918 306 1169 356 Tutelarum‚
1199 309 1556 361 Testamentorum,
1584 313 1817 368 Obligatio-

372 389 482 426 num,
512 374 661 428 aliique
681 373 898 427 conspicui,
927 374 988 413 uti
1008 373 1086 413 suis
1104 374 1204 414 locis
1225 376 1445 429 apparebit.

427 447 465 480 6.
497 439 563 481 Ad
582 444 754 481 Matrem
775 439 858 480 haec
883 440 1055 493 potestas
1073 439 1235 481 minime
1259 441 1465 495 pertinet;
1497 441 1534 480 ei
1554 450 1683 480 tamen
1706 454 1816 481 reve-

371 502 504 544 sentia
520 508 555 544 ὃ(
577 503 708 544 Pietas
725 501 908 543 debetur.

428 583 466 614 7.
498 568 734 621 Aequiritur
751 578 883 607 autem
898 567 1032 607 Patria
1051 568 1223 621 potestas
1240 569 1478 623 potiffimum
1507 583 1539 608 1.
1570 567 1815 623 JustisNup-

374 630 454 673 tiis.
511 648 548 672 2.
581 631 911 686 Legitimatione.
976 647 1009 680 3.
1042 631 1290 686 Adoptione.

921 743 975 792 T
1008 759 1031 794 1
1075 759 1126 793 T.
1203 744 1269 794 Χ.

927 842 1009 893 De
1043 842 1263 913 Nuptiis.

422 934 465 984 ἰ.
495 943 668 996 Nuptias
695 941 924 996 praecedere
953 943 1085 983 solent
1113 942 1325 997 sponsalia,
1353 955 1441 996 quae
1468 940 1559 983 sunt
1585 940 1753 990 mentio,
1780 946 1816 983 δε

373 1007 625 1064 repromiffio
638 1008 867 1050 futurarum
887 1008 1133 1062 nuptiarum.

372 1118 629 1161 condimentis;
655 1131 674 1153 a
700 1117 823 1166 quibus
848 1129 924 1152 cum
947 1116 1110 1152 bonarum
1136 1117 1310 1153 literarum
1328 1115 1522 1164 disciplinas
1536 1114 1748 1164 accepiffent,
1773 1115 1816 1151 ad

372 1166 460 1202 hanc
476 1165 552 1202 sunt
570 1166 860 1201 mansuetudinem
879 1176 1022 1206 morum,
1047 1163 1319 1210 facilitatemque
1336 1165 1493 1197 revocati.

667 1264 830 1332 JUS
874 1261 1514 1316 ANGLICANUM.

418 1367 566 1404 Potestas
580 1365 652 1410 illa,
671 1377 773 1413 quam
792 1364 944 1398 Romani
963 1364 997 1397 in
1015 1362 1088 1398 suos
1105 1362 1230 1399 liberos
1248 1363 1437 1399 habuerunt
1454 1362 1544 1409 apud
1569 1375 1629 1398 nos
1646 1363 1753 1400 multo
1772 1365 1817 1400 est

371 1415 560 1456 retniffior;
584 1417 621 1449 &
639 1424 788 1447 amorem
804 1411 899 1446 illum
914 1412 1110 1455 Paternum,
1138 1415 1175 1446 &
1195 1410 1345 1446 officium
1361 1410 1565 1445 Liberorum
1582 1413 1696 1458 potius
1717 1412 1818 1447 redo-

371 1464 434 1508 let,
468 1464 527 1510 qui
543 1462 628 1509 juris
643 1459 768 1502 divini,
787 1463 823 1495 &
843 1457 1001 1493 naturalis
1018 1460 1135 1503 vigore
1152 1459 1305 1494 omnium
1320 1457 1490 1493 mentibus
1506 1458 1685 1494 instillatur
1713 1472 1816 1508 quam

370 1511 489 1560 aliquo
500 1509 586 1558 juris
602 1508 710 1544 civilis
721 1504 870 1544 Vinculo
883 1506 1087 1552 astringitur.

420 1570 614 1622 sponsalia]
658 1571 732 1618 Qi
761 1568 849 1618 apud
874 1572 1048 1606 Romanos
1076 1581 1216 1605 uxorem
1241 1567 1404 1605 ducturus
1427 1578 1509 1612 erat,
1536 1568 1577 1603 ab
1601 1580 1643 1602 eo
1669 1569 1704 1602 in
1723 1570 1818 1617 cujus

371 1621 538 1670 potestate
564 1631 603 1654 ea
620 1629 692 1654 etat
709 1631 782 1654 earn
801 1620 836 1653 in
855 1619 1118 1654 matrimonium
1147 1616 1208 1653 fibi
1236 1616 1352 1653 datum
1378 1618 1421 1652 iri
1443 1628 1738 1659 sTIPvtABATVR;
1778 1621 1816 1653 &

371 1669 470 1713 alter,
494 1667 518 1704 fi
537 1666 746 1711 conveniret,
772 1665 808 1701 id
835 1678 1066 1703 sPONDEflA-r:
1093 1667 1153 1713 qui
1169 1667 1363 1701 contraditis
1383 1675 1518 1701 mutuus
1545 1676 1745 1700 SPONSALIA
1764 1664 1818 1699 di-

371 1720 473 1753 citur.
526 1716 638 1764 Hujus
665 1715 789 1750 veteris
816 1715 920 1749 moris
948 1714 1054 1750 multa
1082 1724 1197 1749 extant
1226 1714 1362 1759 vestigia
1391 1711 1482 1761 apud
1506 1713 1663 1755 Plautum,
1695 1713 1754 1759 qui
1781 1713 1817 1746 in

373 1764 486 1802 Aulul.
500 1766 528 1800 1.
545 1777 578 1811 4.
606 1762 835 1808 Megadorum
851 1762 893 1797 ab
906 1762 1067 1797 Euclione
1083 1761 1189 1797 filiam
1206 1760 1415 1809 stipulantem
1431 1760 1565 1795 inducit
1581 1759 1633 1794 his
1647 1760 1766 1795 verbis.

707 1822 773 1846 ΜΕ.
801 1809 916 1860 Qd?
942 1811 1032 1846 Nunc
1047 1812 1141 1846 etiam
1162 1811 1234 1845 mihi
1253 1810 1426 1856 Despondes
1432 1810 1557 1854 filiam?
1704 1805 1786 1854 [ergo
1801 1812 1815 1841 ἓ

708 1870 764 1894 εν.
793 1860 856 1894 Illis
868 1859 994 1905 legibus,
1020 1871 1087 1894 cum
1104 1856 1159 1893 illd
1174 1858 1254 1901 dote,
1279 1869 1372 1904 quam
1389 1858 1444 1892 tibi
1458 1857 1532 1892 dixi.
1555 1867 1620 1890 ME.
1642 1855 1817 1891 sponna<³

710 1919 766 1943 Ev.
796 1918 974 1943 SPONDEO.

375 1956 421 1991 Et
435 1952 524 2004 apud
541 1954 575 1990 T
569 1955 726 1991 eremium.

961 2001 1038 2037 Hac
1048 2000 1139 2047 fama
1157 1998 1292 2047 impulfics
1306 2000 1446 2035 Chremes

710 2051 806 2084 Ultro
825 2051 865 2084 ad
882 2061 930 2084 me
947 2051 1040 2092 venit,
1066 2051 1185 2085 unicam
1195 2058 1327 2095 gnatam
1339 2047 1430 2093 suam

710 2099 788 2132 Cum
806 2098 872 2131 dote
882 2096 1005 2141 summa*
1019 2098 1085 2143 filio
1103 2109 1224 2132 uxorem
1242 2107 1274 2131 ut
1291 2097 1397 2137 daret3

710 2144 836 2179 Placuit
847 2161 858 2186 5
885 2145 1142 2180 DESPONDI:
1168 2144 1238 2179 Hic
1255 2145 1363 2188 nuptiis
1379 2143 1470 2177 dinus
1485 2141 1523 2188 est
1542 2142 1615 2176 dies.

374 2195 466 2229 Dum
484 2192 525 2227 de
540 2190 744 2241 sponsalibus
758 2202 923 2236 ageretur,
938 2192 1059 2238 Sponsus
1068 2192 1224 2238 speratus,
1237 2191 1348 2236 Sponsa
1366 2201 1447 2225 vero
1455 2189 1582 2235 sperata
1600 2186 1815 2224 dicebantur.

373 2240 546 2288 Sponsalia
565 2239 657 2275 nudo
675 2237 833 2275 consensu
851 2239 924 2276 fieri
952 2249 1120 2288 poterant,
1147 2237 1202 2273 sed
1221 2238 1419 2285 plerumque
1436 2247 1548 2271 tamen
1566 2239 1601 2270 in
1620 2235 1747 2271 tabulas
1765 2248 1816 2271 re-

373 2286 580 2333 ferebantur,
603 2300 719 2338 eaeque
746 2286 953 2335 praesentium
976 2287 1116 2323 Annulis
1140 2285 1412 2332 obfignabantur.
1466 2283 1569 2319 Unde
1592 2285 1668 2332 Juv.
1697 2285 1762 2320 Sat.
1780 2289 1811 2319 6.

372 2346 402 2372 v.
423 2348 500 2382 199.
702 2337 737 2372 Si
758 2337 812 2370 tibi
829 2336 975 2381 legitimis
988 2337 1112 2381 pac‘iam
1132 2336 1329 2380 juniiamque
1346 2333 1573 2371 TABELLIS

707 2385 775 2420 Non
792 2396 823 2421 es
837 2392 1004 2420 amaturus.

1767 2427 1812 2461 Et
