2059 2812
453 147 523 197 86
861 139 1123 191 Elementa
1154 139 1300 207 Jurbs
1325 142 1493 195 Civilzs's

448 254 542 295 quo,
571 240 696 280 stante
724 237 895 278 aedificio
925 251 1010 277 non
1036 237 1087 277 ad
1113 238 1393 289 exhibendum,
1421 241 1489 281 sed
1512 241 1670 282 actione
1698 241 1748 282 de
1772 243 1886 297 tigno

444 305 583 359 jundto
603 303 644 341 in
665 301 831 355 duplum
847 304 979 356 agitur
998 314 1137 344 contra
1161 318 1267 353 eum,
1294 305 1362 357 qui
1381 305 1552 347 alienum
1568 307 1719 362 tignum
1738 308 1888 348 aedibus

445 369 524 408 suis
544 366 620 407 five
642 365 765 416 bonet,
792 367 868 408 five
887 367 992 407 mala
1009 367 1088 408 fide
1106 368 1246 422 junxit.
1305 366 1368 408 Sic
1387 368 1545 410 volente
1557 376 1664 424 Lege
1679 371 1885 412 xufrabb.

444 445 494 470 ne
514 430 680 471 aedificia
695 429 984 472 rescindantur.
1041 432 1193 471 Diruto
1214 431 1384 472 aedificio
1400 433 1576 472 materiae
1590 435 1787 473 Dominus
1801 447 1886 474 eam

445 495 557 535 recte
577 493 769 545 vindicat,
796 494 892 535 licet
913 494 1081 547 duplum
1100 495 1328 536 consecutus
1347 495 1406 544 fit,
1427 495 1475 534 ab
1499 509 1549 536 eo
1567 497 1635 549 qui
1663 497 1779 546 malfit,
1806 511 1887 537 non

444 559 513 611 qui
534 558 642 599 bon&
661 558 740 599 fide
758 559 900 613 junxit.

505 638 566 671 37·
598 626 752 662 TRAD1
767 634 795 661 T
808 636 821 661 1
834 637 860 662 o
888 623 926 661 in
947 635 1092 676 genere
1111 624 1166 663 est
1185 625 1311 664 Datio
1330 622 1574 663 Poffessionis
1591 644 1601 675 3
1632 625 1776 678 Estque
1794 639 1889 665 vera

442 686 505 727 vel
525 686 628 740 quafi
644 687 850 728 Traditio.
1111 703 1113 705 ·

503 765 519 798 3
532 754 565 790 8.
598 750 693 788 Vera
711 750 780 798 est,
809 764 899 790 cum
922 763 982 789 res
999 751 1159 790 mobilis
1179 751 1229 791 de
1246 764 1359 791 manu
1380 750 1420 789 in
1440 763 1597 790 manum
1617 750 1804 800 traditur,
1824 751 1889 793 vel

442 824 532 852 cum
552 813 640 865 quis
662 812 700 852 in
718 813 991 864 posseffionem
1012 815 1069 854 rei
1090 815 1307 854 immobilis
1327 812 1546 853 inducitur.

503 892 563 926 39.
596 876 717 933 Qafi
733 878 905 917 Tradttio
929 880 998 927 est,
1026 893 1113 932 quae
1133 881 1176 919 fit
1195 879 1258 919 vel
1279 892 1349 931 per
1368 878 1570 918 fiotionem
1590 878 1721 917 brevis
1738 893 1891 931 manus,

441 938 505 977 vel
524 952 597 992 per
618 939 848 990 Symbolum
866 938 941 979 five
958 942 1138 994 Signum.

498 1017 567 1052 40.
602 1003 714 1042 Fmio
732 1003 831 1044 brevi
852 1020 960 1044 manu
980 1005 1045 1056 fit,
1083 1019 1170 1045 cum
1198 1018 1258 1045 res
1277 1019 1364 1058 quae
1384 1016 1474 1045 ante
1495 1019 1541 1043 ex
1561 1005 1637 1044 alia
1664 1006 1777 1045 causa
1796 1009 1889 1047 vere

441 1065 592 1105 tradita
612 1066 682 1116 est,
711 1079 758 1105 ex
777 1067 854 1105 alia
877 1068 1010 1119 postea
1026 1067 1159 1106 denuo
1179 1081 1256 1121 pro
1276 1067 1424 1107 tradita
1451 1066 1635 1116 habetur,
1662 1073 1697 1109 ὅ(
1715 1082 1791 1107 una
1809 1079 1888 1109 tra-

440 1128 546 1168 ditio
566 1142 643 1181 pro
660 1128 811 1180 duplici
827 1140 1035 1182 reputatur
1048 1150 1058 1180 ;
1089 1130 1216 1169 veluti
1232 1129 1258 1168 fi
1274 1144 1373 1177 rem,
1391 1143 1509 1179 quam
1529 1130 1606 1168 tibi
1625 1130 1766 1181 aliquis
1784 1132 1888 1172 loca-

441 1190 563 1236 verit,
593 1199 659 1227 aut
694 1190 1028 1236 commodaverit,
1057 1197 1122 1226 aut
1150 1189 1256 1240 apud
1288 1189 1348 1227 Te
1386 1188 1632 1241 deposuerit,
1661 1190 1797 1242 postea
1821 1204 1890 1233 aut

443 1249 675 1290 vendiderit
707 1249 782 1289 tibi
799 1271 810 1301 3
854 1260 922 1289 aut
955 1249 1181 1298 donaverit,
1211 1261 1280 1290 aut
1311 1249 1419 1289 dotis
1441 1251 1601 1291 nomine
1625 1251 1811 1307 dederit3
1840 1269 1890 1294 eo

441 1313 547 1354 enim
563 1313 775 1366 ipso,quod
790 1313 944 1365 patitur
958 1323 1065 1351 tuam
1079 1313 1168 1362 effe,
1179 1313 1307 1353 statim
1321 1311 1399 1352 tibi
1414 1313 1634 1366 acquiritur
1647 1318 1889 1368 proprietas.

496 1390 564 1424 41.
598 1373 803 1428 Symbolica
825 1375 995 1416 ‘Traditio
1025 1375 1093 1423 est,
1123 1387 1213 1412 cum
1234 1373 1530 1414 interveniente
1549 1376 1671 1430 Signo
1690 1377 1754 1417 vel
1780 1381 1889 1428 Sym-

442 1438 542 1477 bolo
565 1450 625 1477 res
644 1437 791 1492 signata
810 1438 976 1479 habetur
995 1451 1072 1491 pro
1092 1436 1268 1489 tradita3
1299 1438 1358 1477 uti
1376 1451 1525 1478 merces
1548 1440 1590 1478 in
1610 1439 1788 1489 taberna,
1808 1453 1889 1484 tra-

442 1499 541 1540 ditis
561 1499 734 1540 clavibus
744 1499 955 1550 Tabernae,
978 1500 1027 1539 ad
1048 1510 1269 1552 emptorem
1287 1499 1594 1542 transferuntur.
1654 1504 1713 1543 Sic
1732 1509 1768 1544 ὃ(
1786 1505 1889 1556 usus,

442 1571 477 1606 δι
497 1564 697 1603 Patientia
720 1563 761 1602 in
783 1564 1050 1603 Servitutibus
1070 1565 1124 1603 est
1144 1576 1219 1616 pro
1233 1564 1489 1605 Traditione.

498 1639 564 1674 42.
598 1624 784 1666 Venditae
800 1639 898 1665 vero
916 1639 977 1665 res
1001 1631 1036 1667 ἃ
1059 1626 1219 1665 traditae
1244 1640 1323 1666 non
1347 1625 1465 1666 aliter
1483 1629 1660 1680 emptori
1679 1631 1889 1682 acquirun-

442 1699 524 1737 tur,
555 1702 671 1742 quam
692 1687 718 1727 fi
746 1690 778 1728 is
798 1689 1004 1730 venditori
1026 1690 1196 1742 pretium
1217 1689 1398 1739 solverit,
1428 1691 1491 1730 vel
1519 1691 1598 1731 alio
1627 1693 1749 1733 modo
1768 1696 1805 1734 ei
1834 1696 1887 1736 sa-

441 1753 654 1800 tisfecerit,
682 1753 810 1794 veluti
830 1756 1116 1808 expromiff01·e
1137 1765 1204 1795 aut
1223 1757 1394 1810 pignore
1421 1756 1530 1796 dato.
1590 1758 1663 1798 Sed
1693 1758 1717 1799 fi
1745 1759 1789 1807 is,
1819 1764 1888 1814 qui

442 1816 642 1866 vendidit,
656 1816 774 1856 fidem
798 1820 991 1871 emptoris
1007 1819 1160 1858 secutus
1185 1818 1325 1868 fuerit,
1353 1818 1565 1860 dicendum
1583 1822 1637 1860 est
1656 1822 1785 1862 statim
1804 1837 1887 1864 rem

443 1881 639 1932 emptoris
663 1881 764 1921 fieri.

498 1958 566 1992 43.
599 1948 659 1984 Ut
674 1945 915 1985 Traditione
930 1947 1156 1999 acquiratur
1174 1947 1230 1986 rei
1242 1946 1476 1987 Dominium
1491 1948 1747 1999 requiruntur
1766 1953 1888 1991 1.Vo-

445 2006 573 2046 luntas
596 2008 805 2057 tradentis,
835 2023 923 2049 cum
950 2023 1067 2050 nemo
1093 2010 1277 2061 privetur
1306 2022 1349 2048 re
1378 2008 1445 2048 su&
1478 2008 1639 2049 invitus.
1700 2026 1736 2049 2.
1770 2014 1887 2053 Pote-

444 2071 516 2111 stas
551 2073 592 2111 in
625 2073 915 2123 transferente,
953 2087 1044 2112 nam
1078 2087 1161 2113 rem
1195 2073 1363 2113 alienam
1395 2087 1512 2113 nemo
1544 2074 1652 2114 redte
1680 2074 1884 2117 transfert.

452 2149 485 2182 3.
516 2139 578 2175 Ut
607 2135 651 2174 fit
680 2150 755 2186 res,
784 2151 868 2189 quae
896 2137 1010 2190 poffit
1039 2135 1247 2176 transferri
1274 2152 1296 2177 a
1322 2137 1506 2176 Domino
1522 2156 1533 2187 ,-
1566 2137 1690 2177 Unde
1717 2138 1886 2180 traditio

446 2197 506 2236 rei
525 2196 689 2237 alienari
713 2198 931 2250 prohibitae
957 2212 1029 2250 per
1045 2198 1296 2239 Testatorem
1314 2208 1380 2237 aut
1402 2198 1531 2252 legem
1556 2198 1658 2237 nihil
1679 2205 1881 2252 operatur.

445 2274 485 2307 4.
516 2262 580 2299 Ut
592 2260 661 2300 fiat
679 2261 867 2301 Traditio
883 2276 929 2300 ex
947 2260 1044 2314 just&
1065 2261 1178 2300 caus&
1202 2260 1466 2314 praecedente,
1495 2261 1622 2312 qualis
1637 2263 1691 2302 est
1704 2264 1885 2317 EmptiO,

444 2321 654 2369 Venditio,
666 2324 769 2371 Dos,
784 2327 976 2376 Legatum
990 2328 1061 2364 διε.
1108 2325 1249 2375 Neque
1265 2323 1371 2363 enim
1385 2323 1489 2366 nuda
1504 2329 1538 2364 ὃ(
1553 2323 1728 2378 Simplex
1741 2325 1885 2365 Tradi-

446 2386 508 2424 tio
518 2385 703 2426 Dominii
719 2385 1013 2426 transsationem
1029 2396 1232 2440 operatur.
1726 2401 1791 2437 44.
1818 2391 1885 2427 In-
