2059 2812
419 181 516 231 108
810 173 1066 223 Elementa
1103 167 1249 235 Juris
1283 169 1450 221 Civilis

473 291 508 322 7.
540 276 636 330 Jure
655 285 764 312 novo
782 270 913 310 forma
931 267 1156 308 testamenti
1176 266 1345 307 conflata
1362 270 1417 307 est
1444 267 1590 320 partim
1610 281 1655 306 ex
1684 267 1851 320 antiquo

416 339 504 394 jure
522 337 647 384 civili,
665 333 773 389 quod
789 334 1064 373 testamentum
1079 343 1162 370 uno
1178 335 1368 370 contextu
1386 330 1473 369 fieri
1489 329 1649 370 mandat
1669 350 1680 380 3
1705 330 1852 382 partim

419 415 466 440 ex
491 400 577 454 jure
604 397 818 445 Praetorio,
855 395 965 449 quod
999 394 1147 448 septem
1175 392 1277 447 signa
1305 391 1512 441 defiderat,
1537 398 1572 433 ἃ
1603 392 1774 444 denique
1805 404 1853 431 ex

419 461 771 502 constitutionibus
791 460 1037 511 Principum,
1065 470 1152 510 quae
1167 455 1477 508 subscriptiones
1496 455 1651 494 testium
1670 454 1853 494 adhiberi

417 524 646 566 voluerunt.
705 522 911 566 Nonnulla
930 532 1061 561 autem
1091 521 1319 559 testamenta
1344 517 1561 572 privilegio
1589 517 1750 566 donata,
1776 524 1810 559 δε
1832 534 1852 557 a

418 588 724 628 solennitatibus
743 585 1018 625 communibus
1038 591 1200 634 excepta
1218 581 1322 629 sunt,
1350 587 1385 623 ὅ(
1403 581 1565 634 quidem
1592 581 1785 621 nonnulla
1803 580 1852 620 ab

419 652 620 700 omnibus,
649 649 840 690 nonnulla
860 663 881 687 a
900 646 1145 701 quibusdam.

418 760 467 803 qui
491 760 588 804 patris
616 759 764 803 clarissimi
790 758 1006 800 recordatione,
1033 755 1070 792 d*
1088 758 1229 790 memoria
1238 756 1346 800 fletum
1371 764 1515 796 moverat,
1538 752 1575 789 ἐπ”
1600 754 1668 788 duos
1685 755 1765 800 filios
1782 754 1849 799 suos

412 815 520 849 parvos
535 809 633 840 tutelae
647 807 748 849 populi
761 803 997 847 commendaffet,
1023 816 1059 837 ac
1071 803 1106 849 se
1123 814 1264 848 tanquam
1287 804 1346 837 IN
1365 803 1462 836 PRO
1473 801 1673 837 CINCTV
1692 802 1851 848 testamen—

417 861 481 886 tum
499 852 622 897 faceret
647 852 701 889 fine
724 850 802 885 libri
825 861 914 896 atque
932 852 1042 884 tabulis
1061 852 1197 894 populum
1220 852 1387 884 Romanum
1401 850 1542 884 Tutorem
1564 850 1716 882 instituere
1734 849 1851 892 dixiffet

416 900 535 934 illorum
552 901 685 934 orbitati.
740 900 895 945 Aperrius
928 910 1007 931 vcro
1037 897 1235 932 Plutarchus
1257 897 1373 931 horum
1404 896 1676 930 testamentorum
1706 894 1849 929 formam

417 948 559 990 exponit
578 948 611 979 in
632 945 817 980 Coriolano
836 945 885 979 hiS
904 944 1024 978 verbis.
1077 951 1115 976 Ην
1130 945 1160 975 Ᾱῖ
1184 945 1242 976 τὸπ
1259 943 1315 975 τοῖς
1333 944 1461 983 Paionion
1486 943 1559 980 ἴδω
1577 941 1611 972 εἷς
1639 941 1717 984 τάξιν
1742 945 1849 976 merm-

416 992 510 1031 μὺῑροις,
535 992 558 1036 ιζ,
586 994 691 1031 μέλλω-ι
715 993 762 1026 τῗςς
788 993 873 1033 θηρεὲς
899 990 1104 1032 ἄναλαμζοὶνειν,
1130 1005 1153 1035 ρ
1170 991 1356 1033 τῶωζῶννυοῖω
1372 992 1414 1021 τὴν
1441 991 1566 1032 visseim,
1592 988 1651 1028 ἅμα
1668 989 1698 1019 A*
1722 986 1849 1029 Ἄβὲῧκας

416 1039 525 1080 ἀχείφες
542 1039 655 1083 finam,
680 1037 785 1080 τςιῖὖνῗι
806 1038 925 1080 πῆσίρων
950 1037 1120 1081 {mariv-mr,
1146 1038 1316 1082 ὀνομάζοντας
1338 1038 1377 1068 ‘nir
1403 1037 1565 1077 meursium.
1656 1035 1758 1069 Moris
1781 1046 1850 1070 erat

416 1087 447 1119 id
463 1089 601 1132 temporis
618 1088 648 1120 in
673 1089 739 1121 acie
750 1086 900 1132 stantibus
917 1087 1074 1128 Romanis,
1101 1097 1193 1130 quum
1210 1088 1278 1127 jam
1294 1084 1440 1129 sumpturi
1451 1084 1541 1128 scuta
1569 1082 1669 1126 essent,
1695 1082 1731 1117 ὠ*
1747 1092 1849 1128 togam

411 1135 593 1177 praecincturi
606 1134 781 1179 testamenta
796 1137 827 1167 in
844 1136 995 1178 procinc'iu
1001 1132 1121 1176 facere,
1145 1131 1182 1166 ό*
1199 1134 1292 1166 tribus
1305 1142 1361 1165 aut
1376 1141 1502 1174 quatuor
1518 1130 1746 1164 exaudientibus
1770 1142 1846 1164 nun-

413 1190 520 1224 cupare
534 1182 684 1214 haeredem.

465 1228 528 1260 Per
557 1238 598 1259 aes
627 1229 660 1260 &
685 1223 835 1268 fibram]
873 1223 1118 1271 Inauspicatum
1144 1221 1311 1257 veteribus
1332 1220 1436 1256 visum
1467 1219 1546 1263 fuit,
1573 1220 1699 1256 sano&
1717 1221 1848 1258 valente

415 1283 558 1318 corpore
579 1272 806 1306 testamentum
831 1269 941 1305 facere
959 1270 1057 1314 velle,
1084 1281 1181 1305 extra
1208 1283 1309 1316 quam
1327 1268 1349 1303 fi
1372 1267 1509 1315 praesens
1528 1268 1714 1314 periculum
1740 1268 1846 1313 foret,

413 1318 515 1353 veluti
535 1319 557 1353 si
585 1320 620 1352 in
645 1319 771 1353 hostem
791 1318 1008 1365 pugnandum
1027 1315 1121 1360 effer,
1149 1327 1205 1351 aut
1222 1317 1361 1350 comitia
1380 1316 1586 1349 testamentis
1614 1314 1777 1350 faciendis
1803 1329 1845 1352 ex

414 1365 557 1411 profess‘o
572 1364 782 1399 haberentur.
832 1363 895 1399 Sed
916 1376 992 1398 cum
1020 1364 1097 1398 hinc
1114 1365 1274 1406 eveniret,
1298 1374 1334 1397 ut
1364 1375 1405 1397 ne
1435 1361 1672 1405 aegrotantibus
1701 1362 1843 1409 quidem

413 1412 542 1460 semper
559 1410 662 1446 libera
678 1410 757 1446 effer
772 1412 959 1445 testamenti
978 1410 1096 1454 factio,
1122 1423 1181 1445 nec
1209 1409 1369 1451 foeminae,
1394 1408 1592 1457 quibuscum
1620 1409 1710 1443 nulia
1731 1410 1845 1444 Comi-

413 1460 541 1495 tiorum
568 1460 762 1493 communio
791 1469 863 1493 erat
890 1457 954 1492 ulla
986 1459 1115 1492 ratione
1141 1458 1252 1492 testari
1281 1455 1422 1504 possent,
1444 1457 1636 1499 excogitata
1664 1457 1773 1502 postea
1798 1459 1843 1492 est

416 1509 514 1542 tertia
532 1505 673 1542 testandi
693 1506 791 1548 ratio,
813 1504 993 1539 secundum
1009 1518 1110 1551 quam
1128 1508 1163 1540 δε
1180 1506 1301 1551 quovis
1316 1504 1392 1538 loco
1408 1515 1447 1536 ac
1462 1512 1626 1549 tempore,
1647 1503 1679 1538 ἃ
1693 1503 1844 1539 foeminis

412 1555 515 1588 etlam
544 1554 695 1599 suprema
717 1552 845 1600 judicia
866 1551 1025 1586 ordinare
1052 1552 1184 1586 liceret.
1237 1553 1305 1593 Hic
1331 1549 1449 1584 modus
1474 1549 1613 1584 testandi
1634 1562 1692 1596 per
1723 1564 1769 1586 [ΕΞ
1800 1564 1840 1586 ΕΤ

413 1613 555 1635 LIBRAM
580 1600 701 1641 distas,
728 1601 809 1646 quia
837 1611 894 1645 per
917 1600 1197 1645 mancipationem
1226 1599 1258 1631 in
1286 1610 1350 1644 qua
1377 1609 1418 1631 aes
1442 1600 1478 1632 δε
1497 1596 1580 1630 lIbra
1608 1597 1841 1642 adhibebatur,

413 1647 528 1689 fiebat,
556 1646 644 1681 unde
661 1649 773 1680 Haeres
788 1658 846 1691 per
863 1657 903 1678 aes
919 1649 953 1680 &
970 1645 1091 1679 libram
1110 1645 1195 1692 apud
1213 1647 1411 1679 Ciceronem
1428 1656 1459 1678 2.
1477 1643 1519 1677 de
1534 1643 1675 1687 legibus.
1729 1646 1840 1679 Scien-

412 1694 494 1728 dum
513 1694 570 1734 est,
597 1695 768 1727 Romanos
788 1693 902 1740 primis
927 1692 1134 1739 temporibus
1159 1704 1219 1726 aere
1247 1693 1348 1736 gravi,
1375 1703 1477 1738 atque
1502 1700 1640 1734 argento
1659 1690 1748 1733 rudi,
1774 1705 1840 1726 non

412 1740 539 1784 fignato
557 1739 632 1774 usos
648 1738 743 1773 fuisse
763 1752 823 1785 pro
839 1740 993 1785 pecunia,
1017 1750 1118 1785 atque
1137 1739 1204 1772 haec
1228 1738 1416 1786 appendere
1432 1750 1496 1771 non
1512 1749 1684 1772 numerare
1701 1738 1839 1780 solitos;

411 1786 535 1831 {ignata
551 1788 692 1834 pecunia
709 1785 845 1820 demum
867 1786 936 1832 post
952 1787 1112 1832 Pyrrhum
1128 1787 1257 1830 Regem
1279 1785 1446 1819 devictum
1464 1785 1513 1817 uti
1529 1783 1676 1830 coepiffe‚
1698 1797 1840 1832 eamque

412 1846 585 1869 numerare
600 1836 732 1868 auctore
751 1833 873 1875 Plinio,
901 1832 1037 1879 Lib.33.
1057 1845 1126 1879 cap.
1146 1846 1175 1879 3.
1228 1832 1341 1868 Verba
1355 1841 1465 1866 tamen
1482 1844 1593 1866 vetera
1609 1833 1710 1865 etiam
1728 1833 1841 1878 postca

410 1891 539 1915 retenta
565 1880 649 1921 sunt,
678 1881 713 1914 'ut
738 1880 861 1926 pendo,
886 1881 1050 1926 appendO,
1076 1879 1239 1926 expendo,
1266 1880 1466 1924 nominaque
1493 1878 1534 1912 ab
1553 1880 1603 1912 his
1617 1877 1776 1919 derivata,
1801 1883 1837 1914 &

410 1929 522 1971 imago
539 1926 689 1973 quaedam
707 1927 823 1960 vetusti
842 1929 942 1961 moris
956 1928 988 1960 in
1003 1925 1196 1961 venditione
1214 1938 1316 1973 atquc
1332 1926 1533 1960 alienatione
1549 1937 1659 1958 rerum
1676 1926 1836 1972 mancipi,

411 1986 484 2021 quae
501 1987 567 2008 uno
584 1973 685 2007 verbo
711 1974 916 2019 mancipatio
934 1973 1070 2016 dicitur,
1095 1975 1255 2008 nimirum
1279 1984 1317 2008 ut
1344 1975 1380 2015 is,
1405 1974 1439 2006 in
1463 1985 1563 2018 quem
1584 1971 1632 2005 hae
1659 1983 1709 2005 res
1733 1972 1837 2007 trans-

410 2020 614 2063 ferebantur,
640 2032 693 2054 eas
719 2031 846 2056 emeret
872 2019 1015 2053 domino
1037 2033 1100 2054 aere
1128 2025 1163 2056 ὃ(
1192 2020 1289 2063 libra,
1317 2017 1459 2066 appenso
1486 2020 1517 2053 ei
1545 2018 1606 2058 νέμε
1625 2019 1716 2061 χέειν,
1752 2018 1837 2054 dicis

409 2067 516 2110 causa,
540 2079 676 2101 nummo
694 2078 770 2100 uno,
825 2069 937 2112 Atque
955 2067 1018 2100 hoc
1036 2066 1137 2101 modo
1152 2067 1337 2114 pleniffimo
1355 2071 1391 2101 ἃς
1408 2066 1540 2112 optimo
1554 2066 1626 2110 jure
1643 2065 1836 2102 dominium

409 2116 445 2149 in
461 2116 681 2160 accipientem
700 2112 968 2148 transferebatur.
1021 2114 1104 2161 Qo
1121 2113 1406 2149 accomodandum
1433 2111 1516 2147 iliud
1531 2113 1681 2156 Horatii,
1707 2112 1783 2147 Lib.
1801 2125 1833 2148 2.

410 2164 470 2209 Ep.
486 2175 520 2197 2.
538 2174 563 2195 v.
582 2162 657 2207 158.

738 2211 773 2242 Si
783 2209 936 2253 proprium
955 2208 1003 2254 est,
1027 2209 1102 2253 quod
1119 2210 1183 2254 quis
1199 2209 1337 2242 LIBRA
1355 2215 1510 2249 mercatus,
1537 2205 1574 2241 ὠ·
1591 2207 1695 2242 AERE
1711 2207 1762 2253 est.

410 2271 555 2307 Aderant
573 2281 691 2318 praeter
707 2269 933 2316 libripendem
951 2272 1103 2317 quinque
1122 2269 1227 2312 testes,
1252 2270 1342 2306 cives
1359 2270 1518 2313 Romani,
1544 2267 1697 2316 puberes,
1722 2267 1833 2303 certis·

408 2331 472 2365 que
490 2317 598 2353 verbis
615 2318 671 2352 hic
685 2319 776 2352 adius
794 2317 1034 2364 perficiebatur.

1655 2399 1688 2434 8.
1720 2393 1829 2436 Hinc
