2059 2812
381 162 483 214 268
784 155 1044 206 Elementa
1080 151 1228 219 Juris
1265 154 1434 206 Civilis

896 257 942 305 T
981 272 1002 305 1
1041 271 1091 306 T.
1165 255 1311 307 XIII.

846 353 926 404 De
962 355 1353 424 Exceptionibm.

445 471 479 499 1.
511 454 699 509 Sequitur
720 462 764 493 ut
784 453 833 493 de
847 453 1162 508 Exceptionibus
1183 453 1447 508 dispiciamus.
1492 452 1742 506 Comparatae
1762 469 1828 495 au-

386 530 467 561 tem
487 519 579 560 sunt
600 517 866 571 Exceptiones
887 516 1234 558 defendendorum
1252 530 1390 557 eorum
1412 517 1554 570 gratia,
1585 530 1675 556 cum
1692 519 1831 571 quibus

384 585 533 640 agitur.
591 586 703 637 Saepe
733 582 838 622 enim
867 581 1028 630 accidit,
1055 590 1097 620 ut
1118 581 1214 621 licet
1234 580 1314 633 ipsa
1334 579 1576 632 persecutio,
1604 595 1680 634 qua
1700 584 1828 623 Actor

383 649 610 703 experitur,
649 646 753 702 justa
779 647 823 688 fit
839 666 851 698 3
896 658 1028 686 tamen
1059 645 1188 701 iniqua
1219 643 1264 685 fit
1293 644 1475 685 adversus
1505 657 1609 692 eum,
1636 659 1725 686 cum
1745 660 1827 699 quo

383 714 532 769 agitur.

437 791 475 816 2.
508 774 635 817 Verbi
664 775 809 830 gratia,
848 773 874 814 fi
903 784 1000 814 metu
1025 772 1176 822 conaus,
1218 783 1286 812 aut
1307 772 1383 812 dolo
1404 770 1581 820 induam,
1623 781 1692 810 aut
1711 786 1827 814 errore

382 839 506 894 lapsus
525 839 729 893 stipulanti
748 837 1111 893 Titio'promifisti,
1138 835 1246 890 quod
1266 850 1347 876 non
1370 835 1559 876 debueras
1578 836 1832 889 promittere,

380 905 511 958 palam
530 905 598 953 est,
632 904 723 958 jure
743 904 853 945 civili
873 914 914 943 te
933 904 1156 958 obligatum
1176 902 1267 950 esse,
1297 908 1331 944 ὃ(
1347 901 1484 949 Actio,
1512 914 1586 953 qua
1605 900 1832 942 intenditur

381 967 476 1008 dare
495 977 536 1007 te
555 978 764 1021 oportere,
805 966 938 1007 efficax
957 969 1011 1007 est
1026 987 1038 1019 3
1080 965 1148 1006 sed
1176 964 1355 1018 iniquum
1383 965 1451 1014 est,
1493 973 1533 1003 te
1554 962 1827 1006 condemnari.

380 1031 559 1087 Ideoque
580 1030 699 1072 datur
719 1031 795 1071 tibi
822 1031 996 1085 exceptio,
1025 1030 1138 1085 quod
1156 1029 1271 1069 metas
1291 1031 1410 1081 causa,
1438 1038 1506 1068 aut
1537 1028 1608 1068 doli
1627 1029 1731 1078 mali,
1760 1040 1828 1070 aut

379 1093 419 1134 in
430 1095 586 1148 fhft'um,
616 1093 832 1147 compofita
853 1094 906 1134 ad
924 1093 1231 1147 impugnandam
1252 1091 1465 1131 actionem.

439 1173 473 1207 3,
505 1157 617 1198 Idem
645 1158 741 1210 juris
761 1159 830 1206 est,
858 1157 884 1197 fi
905 1158 991 1210 quis
1011 1156 1116 1210 quafi
1136 1155 1329 1196 credendi
1362 1154 1472 1195 causa
1504 1154 1715 1207 pecuniam
1741 1170 1763 1196 a
1788 1166 1830 1198 te

378 1220 584 1275 stipulatus
606 1221 743 1270 fuerit,
773 1234 902 1274 neque
928 1222 1210 1268 numeraverit.
1270 1222 1373 1262 Nam
1393 1232 1479 1258 eam
1498 1218 1707 1271 pecuniam
1736 1234 1758 1260 a
1789 1231 1829 1262 te

377 1296 516 1340 petere
538 1285 649 1338 poffe
668 1299 758 1325 eum
778 1296 931 1327 certum
953 1285 1035 1337 est3
1080 1285 1175 1325 dare
1207 1284 1314 1324 enim
1340 1294 1381 1323 te
1401 1291 1590 1336 oportet,
1630 1295 1749 1335 quum
1780 1298 1829 1324 ex

378 1346 633 1402 stipulatione
654 1348 837 1390 tenearis.
895 1347 972 1388 Sed
992 1349 1085 1401 quia
1104 1347 1284 1400 iniquum
1302 1346 1357 1385 est
1388 1360 1438 1386 eo
1471 1346 1636 1386 nomine
1662 1357 1704 1386 te
1734 1361 1830 1388 con-

377 1411 572 1460 demnari,
589 1410 721 1464 placet
735 1412 942 1466 exceptione
949 1411 1109 1465 pecuniae
1122 1425 1191 1449 non
1210 1419 1403 1449 numeratae
1422 1421 1462 1449 te
1483 1408 1647 1450 defendi
1665 1409 1826 1452 debere.

432 1489 473 1525 4.
505 1477 703 1515 Praeterea
722 1473 887 1515 debitor
905 1474 931 1514 fi
951 1475 1088 1528 pactus
1105 1471 1233 1512 fuerit
1253 1485 1340 1512 cum
1360 1471 1564 1512 creditore
1583 1486 1633 1512 ne
1652 1486 1675 1511 a
1693 1473 1732 1514 se
1762 1488 1830 1527 pe-

377 1538 493 1579 cunia
513 1547 736 1591 peteretur,
764 1538 1028 1579 nihilominus
1055 1536 1255 1592 obligatus
1282 1546 1432 1586 manet,
1460 1537 1553 1589 quia
1583 1537 1703 1588 paeto
1733 1550 1828 1577 con-

426 1648 636 1694 Comparatae
651 1654 766 1681 autem
783 1645 859 1682 sunt
877 1645 1128 1691 Exceptiones]
1164 1647 1258 1680 Reus
1284 1645 1465 1679 Actionem
1484 1644 1536 1679 vel
1557 1643 1711 1689 negando
1730 1656 1828 1680 exce-

376 1695 440 1742 pit,
467 1695 520 1729 vel
537 1694 744 1741 excipiendo
761 1694 889 1728 elidere
915 1693 1113 1729 conabatur.
1164 1693 1291 1740 Saepius
1308 1691 1394 1726 nihil
1413 1690 1556 1726 addebat
1578 1692 1619 1726 ad
1638 1691 1827 1727 inficiatio-

377 1753 470 1785 nem,
495 1745 531 1777 &
549 1752 631 1776 tunc
650 1754 742 1777 PvRA
759 1752 798 1776 ea
816 1740 993 1776 dicebatur
1007 1739 1177 1776 Defensio.
1231 1741 1288 1775 Sin
1307 1738 1454 1774 addebat
1474 1740 1710 1786 exceptionem
1737 1752 1829 1775 coN-

378 1801 519 1825 IVNCTA
546 1787 897 1823 vocabatur.-——Cic.
919 1788 963 1823 de
984 1790 1113 1823 lnvent.
1136 1789 1184 1823 11.
1204 1789 1431 1833 20.-—-Agit
1453 1792 1488 1829 is,
1522 1789 1571 1821 cui
1590 1799 1691 1822 manue
1707 1787 1827 1832 precisa

377 1836 427 1882 est,
459 1838 662 1878 injuriarum.-
697 1836 824 1882 postulat
848 1838 886 1879 is,
924 1848 1050 1882 quocum
1077 1837 1188 1881 agitur,
1214 1848 1233 1870 a
1262 1837 1385 1871 Pretore
1404 1836 1748 1879 &ceptionem-Is
1773 1837 1825 1880 qui

377 1886 445 1929 agit
470 1885 734 1919 IVDICIVM
755 1885 818 1919 PV
820 1884 849 1918 R
857 1885 888 1920 V
890 1885 936 1919 M
952 1884 1106 1929 postulat3
1133 1886 1180 1918 ille
1198 1896 1320 1930 quocum
1342 1885 1448 1929 agitur
1464 1884 1665 1927 exceptionem
1692 1884 1737 1916 ait
1752 1883 1824 1916 addi

377 1939 520 1977 oportere.

427 1980 476 2012 Ea
503 1978 662 2023 exceptio
686 1990 704 2012 a
732 1979 881 2012 Praetore
900 1987 973 2012 erat
990 1977 1197 2025 postulanda,
1223 1979 1319 2026 aeque
1341 1990 1378 2013 ac
1401 1978 1511 2019 Affio,
1540 1980 1576 2012 ὃς
1591 1976 1730 2024 quidem
1752 1988 1820 2011 non

379 2023 441 2060 nifi
474 2023 641 2072 propoiitfi
667 2024 819 2060 Afflone.
873 2025 979 2060 Unde
1006 2035 1166 2073 tanquam
1187 2025 1370 2060 ridiculum
1400 2036 1546 2060 errorem
1572 2025 1690 2058 veteris
1709 2025 1821 2058 Poetae

377 2072 720 2116 exagitatTerentius
733 2073 877 2107 Prooem.
894 2072 1048 2108 Eunuch.
1064 2086 1092 2108 v.
1113 2085 1165 2107 10.
1183 2073 1274 2120 quod
1295 2075 1329 2107 in
1345 2072 1524 2107 Comoedia
1540 2070 1713 2106 induxerit
1727 2083 1823 2105 reum

378 2119 507 2155 causam
528 2120 619 2167 prius
636 2119 823 2164 dicentem,
850 2132 949 2167 quam
965 2121 1066 2154 Adtor
1081 2120 1292 2155 Thesaurum
1318 2120 1492 2155 vindicans
1516 2118 1663 2163 dixisset,
1690 2117 1778 2153 unde
1795 2119 1823 2152 is

379 2166 438 2202 fibi
451 2166 642 2203 Thesaurus
655 2166 707 2211 fit,
733 2177 792 2202 aut
810 2168 900 2202 unde
918 2169 952 2201 in
973 2169 1119 2214 patrium
1139 2177 1396 2202 monumentum
1416 2167 1626 2214 pervenerit3

712 2218 818 2261 Atque
834 2217 865 2250 in
882 2214 993 2250 THE
1002 2218 1058 2249 SA
1068 2215 1166 2250 VRO
1187 2215 1313 2262 scripsit,
1337 2215 1458 2261 causam
1477 2215 1572 2248 dicere

711 2265 816 2304 Prius,
842 2264 919 2297 unde
940 2264 1057 2307 petitur
1081 2274 1199 2306 aurum,
1225 2275 1318 2308 quare
1335 2262 1377 2308 fit
1396 2262 1497 2307 suum,

713 2309 828 2358 Qam
853 2312 900 2344 ille
924 2312 976 2355 qui
995 2311 1087 2354 petit,
1112 2311 1190 2344 unde
1215 2314 1235 2344 is
1253 2310 1293 2355 fit
1316 2308 1464 2354 thesaurus
1480 2308 1559 2354 fibi.-

712 2360 779 2394 Aut
803 2358 881 2394 unde
906 2359 937 2392 in
955 2359 1092 2404 patrium
1116 2366 1336 2393 monumentum
1356 2358 1539 2403 pervenerit.

1697 2410 1818 2444 vento
