2059 2812
439 160 536 200 112
837 145 1097 195 Elementa
1128 142 1271 209 Juris
1301 142 1469 195 Civilis

962 245 1005 313 T
1045 258 1065 292 1
1106 260 1156 292 T.
1226 244 1321 292 XI.

799 340 878 389 De
913 339 1140 391 Militari
1177 340 1499 405 Testamenta.

491 457 525 480 1.
555 444 668 479 Inter
695 440 944 481 Testamenta
964 437 1218 491 privilegiata
1245 437 1407 478 excellit
1426 437 1576 485 militis,
1603 438 1671 489 qui
1702 447 1871 491 propter

433 503 676 555 imperitiam
698 509 731 544 ὃ(
758 503 938 543 favorem
957 501 1188 549 militarem,
1216 515 1302 541 cum
1335 502 1374 540 in
1395 500 1652 553 expeditione
1671 503 1726 540 est
1742 503 1871 554 potest

433 566 582 613 testari,
611 566 670 605 uti
690 565 774 604 vult
790 587 801 617 3
832 564 1168 616 quemadmodum
1187 565 1292 603 enim
1314 564 1441 614 olim>¹
1455 563 1572 603 etiam
1594 574 1684 602 ante
1704 577 1778 602 xu.
1795 565 1872 603 Ta-

433 625 557 674 bulas,
585 626 735 666 militcs
755 627 794 664 in
814 625 1027 678 procindtu
1051 624 1184 664 testari
1204 635 1404 677 poterant,
1434 625 1489 663 ita
1506 630 1540 665 ὅῑ
1556 626 1689 676 postea
1708 624 1871 664 liberam

432 690 652 729 testamenti
681 688 900 728 faCtionem
931 686 1139 735 militibus,
1175 702 1257 726 non
1286 687 1448 740 quidem
1479 688 1521 726 in
1550 688 1777 741 pmcimstu,
1807 688 1872 726 sed

433 762 563 793 tamen
583 752 623 792 in
644 753 825 805 periculo
846 751 1072 792 constitutis
1091 751 1268 791 reddidit
1289 752 1458 804 primum
1481 751 1556 801 Jul.
1579 751 1704 805 Caesar,
1729 751 1872 790 deinde

435 816 558 864 Utus,
589 818 720 868 postea
737 817 996 866 Domitianus3
1029 815 1120 856 hinc
1137 818 1287 864 Nerva,
1317 829 1361 855 ac
1382 817 1583 869 postremo
1606 813 1804 870 Trajanus.

490 894 528 920 2.
560 878 680 920 Nulla
712 890 844 918 autem
878 878 1043 917 omnino
1073 878 1124 918 ad
1154 879 1330 918 militare
1360 881 1634 918 testamentum
1653 878 1873 931 requiritur

433 938 659 989 solennitas,
689 939 759 980 sed
776 950 931 979 tantum
952 940 1142 991 probatio
1161 940 1392 981 voluntatis.

491 1018 526 1051 3.
557 1003 633 1043 Sed
658 1009 693 1044 ὃ(
712 1013 802 1042 ante
822 1003 1003 1043 militiam
1025 1017 1105 1041 non
1126 1004 1214 1056 jure
1235 1003 1401 1042 militari
1419 1002 1565 1044 saecum
1579 1003 1874 1042 Testamentum

430 1063 520 1115 jure
539 1063 706 1102 militari
727 1063 846 1111 valet,
874 1062 898 1101 fi
918 1063 1029 1102 miles
1049 1064 1089 1102 in
1109 1063 1365 1116 expeditione
1383 1074 1597 1115 occupatus
1616 1063 1749 1115 aliquo
1766 1062 1872 1103 facito

433 1124 609 1165 declaret
628 1125 698 1165 fibi
717 1127 873 1179 placere
894 1126 934 1165 id
955 1127 1244 1167 testamentum.

488 1202 527 1236 4.
560 1191 727 1227 Factum
760 1196 892 1226 autem
925 1186 1090 1225 militari
1124 1187 1211 1239 jure
1243 1189 1518 1227 testamentum
1548 1185 1589 1223 in
1619 1186 1872 1238 expeditione

432 1251 539 1289 valet
559 1255 592 1291 ὃ(
612 1251 700 1302 post
718 1263 818 1298 eam,
848 1248 915 1288 sed
934 1247 961 1287 si
979 1248 1128 1287 militi&
1154 1249 1295 1302 honesti>
1324 1251 1453 1289 miffus
1471 1248 1530 1296 fit,
1560 1249 1739 1296 testator,
1766 1249 1873 1290 intra

433 1327 595 1354 annum.
655 1314 731 1353 Sed
757 1313 958 1368 ignominiae
986 1313 1092 1366 causa
1119 1313 1217 1354 miffi
1247 1315 1518 1353 testamentum
1549 1312 1719 1352 militare
1747 1314 1873 1354 statim

434 1387 604 1417 corruit.

435 1497 576 1531 quoque
593 1484 790 1519 officialibus
808 1484 953 1528 intelligi
971 1483 1137 1527 volumus,
1165 1481 1227 1517 five
1252 1482 1288 1516 fit
1304 1484 1455 1518 Vicarius
1477 1483 1656 1527 generalss,
1683 1483 1744 1517 five
1770 1484 1870 1518 Com-

434 1531 608 1573 namatius,
635 1532 697 1565 sive
712 1534 815 1565 etiam
835 1531 1114 1571 Archidiaconus‚
1141 1533 1200 1576 qui
1215 1530 1317 1564 talem
1341 1532 1537 1578 potestatem
1550 1530 1600 1564 vel
1619 1530 1870 1577 preel'criptione

433 1577 485 1611 vel
503 1577 746 1625 compositione
765 1577 942 1612 vendicare
963 1577 1080 1623 potest.

479 1656 566 1690 Cum
587 1657 620 1689 in
638 1655 855 1701 expeditione
872 1654 944 1701 est]
981 1654 1165 1702 Expeditio
1185 1656 1230 1689 est
1248 1655 1349 1697 dista,
1376 1654 1470 1702 quod
1492 1655 1617 1691 milites
1636 1655 1698 1689 {int
1716 1655 1867 1702 expediti

434 1702 477 1736 ad
493 1702 744 1746 confligendum
761 1715 838 1736 cum
866 1702 970 1744 hoste,
997 1702 1268 1749 quandocunque
1297 1702 1388 1736 casus
1417 1705 1564 1746 ingruat.
1619 1705 1739 1748 Itaque
1759 1705 1870 1749 Expe-

434 1748 525 1782 ditio
556 1761 621 1782 non
651 1749 696 1783 est
718 1749 894 1784 conssietus
920 1747 999 1794 ipse,
1028 1760 1137 1795 neque
1165 1750 1266 1783 etiam
1286 1760 1416 1795 tempus
1442 1749 1537 1791 belli,
1563 1749 1620 1783 sed
1647 1760 1758 1783 totum
1783 1749 1868 1783 illud

434 1805 579 1841 tempus,
607 1808 677 1841 quo
708 1795 834 1830 milites
862 1797 897 1829 in
922 1795 1032 1829 arduis
1060 1794 1258 1842 procedunt,
1285 1807 1340 1829 aut
1365 1794 1439 1829 sunt
1460 1795 1613 1830 adversus
1640 1796 1777 1837 hostem,
1805 1795 1869 1830 five

432 1854 508 1875 cum
536 1841 787 1888 persequantur,
814 1842 878 1876 five
896 1854 970 1876 eum
1000 1844 1233 1876 imminentem
1253 1843 1443 1889 εκρρὲὶεηῑ,
1469 1844 1592 1876 intenti
1612 1842 1650 1876 ad
1670 1844 1869 1890 opportuni-

433 1897 537 1922 tatem
555 1890 602 1922 rei
622 1889 787 1932 gerendae,
813 1889 862 1923 vel
880 1899 916 1923 ut
935 1889 1105 1930 invadant,
1132 1888 1183 1923 vel
1203 1899 1238 1922 ut
1257 1888 1471 1923 invadentem
1489 1888 1663 1923 sustineant
1680 1901 1717 1923 ac
1735 1889 1869 1935 propul-

433 1933 512 1968 sent.
561 1934 688 1968 Sallust.
709 1937 742 1969 in
756 1938 834 1981 Jug.
850 1948 921 1982 cap.
942 1949 995 1981 37.
1046 1937 1174 1970 Milites
1192 1938 1288 1982 menfi’
1305 1935 1452 1983 Januario
1473 1949 1509 1970 ex
1524 1937 1648 1970 hibernis
1665 1938 1695 1969 in
1712 1936 1811 1971 EXP
1821 1938 1867 1970 E-

435 1982 724 2016 DITIONEM
750 1992 862 2017 evocat.

541 2067 711 2132 JUS
762 2067 1419 2121 ANGLICANUM.
1459 2070 1518 2120 ad
1548 2070 1648 2122 Tit.
1669 2071 1758 2119 Χι.

483 2165 630 2200 Nullum
661 2166 799 2201 militari
829 2166 1026 2200 testamento
1052 2167 1265 2214 privilegium
1284 2170 1343 2213 Jus
1360 2167 1507 2202 nostrum
1535 2169 1642 2214 potest
1661 2167 1868 2215 relinquere,

435 2212 528 2259 quod
547 2214 756 2256 paganorum
786 2213 911 2247 ultimis
928 2213 1158 2248 voluntatibus
1181 2213 1307 2249 nullum
1334 2212 1403 2247 fere
1429 2225 1541 2259 negat,
1568 2219 1604 2251 ὃς
1633 2217 1866 2250 Romanorum

433 2258 632 2295 subtilitates
646 2262 680 2296 in
698 2261 873 2308 antiquam
887 2260 972 2306 juris
986 2262 1149 2296 Gentium
1165 2259 1271 2296 fidem
1287 2259 1447 2295 dissolvit.

1708 2363 1866 2401 T1T.
