2059 2812
436 157 537 203 122
827 138 1090 190 Elementa
1123 135 1274 201 Juris,
1306 135 1477 190 Civilis

955 237 1001 284 T
1042 252 1065 286 1
1109 252 1159 285 T.
1236 236 1352 285 XV.

784 318 866 367 De
903 317 1114 382 Vulgari
1152 316 1515 369 Subs‘litottz‘one.

489 433 522 457 1.
553 420 691 474 Qum
710 418 849 457 Haeres
869 415 1099 455 succederet
1119 415 1158 454 in
1179 428 1297 454 omne
1316 415 1373 468 jus
1392 414 1602 468 Defuneci,
1629 416 1807 470 adeoque
1835 423 1871 460 ὅ(

431 493 550 520 omne
571 494 622 520 aes
641 479 815 519 alienum
834 478 989 519 solvere
1008 488 1231 526 teneretur,
1260 477 1379 518 facile
1398 477 1674 530 contingebat,
1701 490 1746 519 ut
1765 480 1872 520 insti-

430 551 536 582 tutus
561 543 686 584 haeres
705 541 816 582 adire
842 542 983 582 nollet.
1043 546 1130 583 Nec
1154 541 1283 580 minus
1300 541 1399 594 saepe
1419 541 1642 592 eveniebat,
1671 553 1714 582 ut
1735 547 1872 597 Haeres

430 605 495 645 vel
526 616 617 645 ante
649 607 878 645 testatorem
910 614 1107 652 mortuus²
1143 603 1207 644 vel
1235 605 1375 656 capitis
1408 603 1719 645 diminutionem
1747 607 1872 658 paffus

429 667 540 707 adire
571 682 653 707 non
679 667 823 719 poffet,
850 673 885 708 ὅ(
914 667 963 707 fic
996 681 1157 720 quoque
1183 668 1460 706 testamentum
1485 665 1597 707 fieret
1624 668 1867 709 destitutum.

428 729 618 783 Denique
637 731 737 783 saepe
758 741 955 782 parentes,
983 731 1052 784 qui
1080 729 1230 769 liberos
1255 729 1477 783 impuberes
1500 729 1561 768 vel
1585 729 1784 771 dementes
1809 732 1868 771 in-

426 791 651 841 stituerant,
681 791 936 841 verebantur,
965 807 1015 833 ne
1034 792 1092 840 hi,
1122 792 1227 831 intra
1246 792 1497 844 pubertatem
1516 802 1761 845 properante
1780 792 1868 832 fato

423 856 620 905 exstincti,
649 854 713 895 vel
740 854 880 894 furore
899 869 980 894 non
1001 855 1232 894 remittente
1256 854 1431 894 intestati
1455 852 1709 894 decederent.
1766 855 1869 894 Eum

423 925 524 969 ergo
554 919 596 958 in
627 918 746 957 finem
776 927 944 971 repertae
978 916 1068 956 sunt
1094 915 1387 970 substitutiones,
1417 930 1468 956 ne
1496 916 1559 956 vel
1585 915 1867 956 destitueretur

422 981 712 1030 testamentum,
742 981 805 1021 vel
823 980 1003 1034 impubes
1021 979 1231 1020 demensve
1250 980 1352 1020 filius
1371 978 1596 1020 decederet.

477 1035 514 1086 2.
546 1044 782 1085 Substitutio
815 1045 869 1086 est
894 1042 1084 1090 secundo,
1113 1042 1177 1082 vel
1207 1042 1393 1082 ulteriori
1417 1040 1544 1094 gradu
1569 1043 1674 1084 facta
1696 1040 1864 1084 haeredis

421 1107 634 1148 institutio.

421 1193 512 1226 enim
532 1191 699 1226 haeredem
717 1203 794 1225 eum
813 1191 944 1232 dicunt,
969 1201 1070 1236 quem
1083 1189 1241 1224 Testator
1263 1190 1296 1223 in
1315 1189 1374 1224 suo
1391 1190 1588 1225 testamento
1609 1191 1862 1233 nominaverit3

421 1240 470 1272 Hi
488 1251 578 1281 eum,
605 1240 665 1286 qui
686 1237 850 1272 defuneto
877 1238 1053 1284 proximus
1085 1236 1130 1271 est
1157 1236 1436 1281 consanguineus,
1463 1237 1505 1271 ad
1534 1249 1634 1283 quem
1651 1237 1801 1272 Feudum
1818 1238 1861 1273 de

414 1286 491 1332 ju're
507 1286 578 1332 post
595 1285 809 1321 antecefforis
821 1284 991 1319 decessum
1006 1284 1140 1331 spectat.
1193 1282 1438 1319 Haereditatem
1455 1295 1567 1319 autem
1584 1284 1684 1318 nostri
1699 1298 1765 1318 non
1782 1287 1860 1320 uni-

417 1332 548 1367 versum
569 1334 622 1380 jus
649 1331 814 1373 defuncti,
842 1331 896 1366 sed
923 1330 1061 1365 feudum
1078 1341 1207 1366 tantum
1225 1330 1404 1376 appellant,
1433 1331 1488 1366 seu
1511 1330 1627 1365 saltem
1656 1344 1710 1366 eas
1739 1342 1858 1377 terras,

417 1389 625 1422 tenementa‚
650 1384 686 1415 &
705 1379 762 1414 illa
778 1378 843 1413 five
861 1377 1060 1425 corporalia,
1088 1377 1152 1411 five
1170 1379 1411 1423 incorporalia,
1438 1392 1511 1424 quae
1527 1388 1689 1426 perpetuo
1708 1380 1781 1424 jure
1798 1380 1859 1415 de-

415 1426 550 1461 functus
572 1428 694 1462 tenuit.
747 1428 862 1460 Haeres
879 1426 992 1470 itaque
1010 1437 1075 1458 non
1095 1425 1129 1457 in
1148 1426 1335 1459 universum
1355 1426 1408 1470 jus
1426 1425 1575 1459 defuncti
1594 1424 1683 1471 apud
1702 1438 1774 1469 n05,
1799 1426 1857 1462 sed

415 1474 451 1507 in
468 1471 612 1507 feudum
629 1483 760 1507 tanturn
778 1472 858 1506 alias
880 1483 947 1504 non
966 1470 1096 1503 utiliter
1109 1470 1256 1513 legatum
1281 1469 1440 1504 succedit.
1494 1471 1544 1504 Ad
1561 1471 1759 1506 catallorum
1782 1471 1857 1507 suo-

415 1528 490 1554 rum
510 1517 764 1566 dispositionem
795 1519 950 1551 homines
980 1528 1040 1561 pro
1067 1516 1211 1550 arbitrio
1239 1515 1298 1550 suo
1325 1529 1556 1553 exrcv‘rours
1580 1519 1768 1559 nominant,
1795 1521 1856 1566 qui

439 1578 477 1600 ro
495 1565 550 1600 ilia
570 1575 664 1612 parte
694 1565 890 1612 patrimonii
917 1563 1057 1597 haeredis
1085 1563 1197 1597 locum
1226 1575 1406 1609 occupant,
1435 1569 1470 1599 ὃς
1501 1563 1676 1611 personam
1698 1564 1852 1602 defuncti

412 1579 570 1655 fubeunt,
596 1612 615 1645 fi
638 1611 749 1646 saltem
768 1624 852 1646 onus
870 1610 1022 1645 delatum
1042 1611 1075 1644 in
1102 1609 1133 1644 se
1153 1609 1357 1657 suscipi-ann
1392 1613 1439 1647 ita
1460 1623 1496 1646 ut
1515 1612 1603 1646 bona
1621 1613 1736 1647 omnia
1753 1614 1853 1648 aliter

413 1672 482 1694 non
501 1658 610 1703 legata
627 1657 685 1692 fibi
705 1660 891 1706 acquirant.

461 1706 662 1742 Substitutio
680 1706 751 1752 est]
782 1707 847 1740 Eos
865 1717 950 1752 quos
968 1704 1164 1740 substituere
1182 1703 1330 1739 solebant
1343 1705 1507 1741 vocabant
1526 1717 1694 1742 HAERrDEs
1721 1719 1851 1743 secvn-

411 1765 493 1789 Dos.
547 1754 620 1788 Cic.
645 1752 688 1786 de
709 1755 839 1789 Invent.
861 1765 893 1787 2.
914 1754 1111 1787 21.--De
1125 1754 1299 1788 haereditate
1314 1766 1364 1797 ea,
1389 1767 1450 1799 quae
1465 1756 1575 1799 pupillo
1593 1756 1689 1797 venit,
1711 1755 1790 1789 inter
1802 1769 1850 1790 eos

412 1803 465 1845 qui
479 1805 574 1845 patris
588 1802 699 1845 Pupilli
715 1801 917 1836 HAERED
928 1802 989 1835 ES
1013 1802 1072 1835 SE
1083 1802 1111 1833 C
1118 1802 1147 1835 V
1147 1801 1185 1834 N
1186 1803 1248 1835 DI
1262 1800 1345 1845 sunt,
1371 1800 1407 1835 ὠ
1430 1803 1507 1835 inter
1521 1811 1646 1845 agnatos
1659 1803 1762 1845 pupilli
1781 1815 1851 1837 con-

411 1847 549 1892 trov'erfia
571 1847 619 1891 est.
709 1850 800 1883 Rem
817 1850 863 1882 ita
881 1846 1039 1882 describit
1060 1848 1238 1894 Appianas.
1291 1847 1370 1881 'fient
1387 1847 1516 1889 Ρωμαῗῖοις
1532 1847 1698 1889 παρφχαίφειν
1717 1848 1770 1879 τοῖς
1787 1860 1849 1881 κλη-

410 1894 529 1934 ρρνόμοις
547 1894 642 1935 ἔὴέςκς,
666 1896 688 1926 εἰ
705 1896 743 1937 μή
761 1895 934 1937 κληρονομοῖεν
952 1896 975 1927 οἳ
991 1894 1295 1933 weluen—Mos
1319 1895 1363 1930 est
1379 1897 1542 1930 Romanis
1564 1894 1749 1928 haeredibus
1775 1895 1849 1929 sub-

411 1941 547 1975 stituere
565 1941 660 1985 alios,
679 1941 701 1975 si
720 1943 845 1988 priores
864 1942 1010 1976 haeredes
1025 1955 1091 1975 non
1111 1942 1445 1977 fleterne—Tacit.
1463 1942 1615 1976 Annam.
1637 1942 1846 1977 8.——-—Nil.⁷il

405 1990 502 2031 primo
517 1990 650 2023 Senatus
675 1991 723 2023 die
742 1991 795 2033 agi
808 1989 918 2033 paffus‚
944 1990 996 2035 nifi
1019 1990 1054 2022 de
1066 1990 1213 2034 supremis
1224 1991 1361 2035 Augusti,
1388 1992 1468 2031 cujus
1482 1990 1514 2022 T
1509 1989 1701 2032 estamentum
1714 1990 1844 2025 inlatum

404 2044 459 2079 per
472 2037 608 2080 Virgines
624 2036 707 2083 Vestae
721 2036 872 2071 Tiberium
887 2035 925 2071 ἔθ’
939 2038 1064 2072 Liviam
1079 2039 1204 2072 haeredes
1219 2039 1334 2073 habuit.
1386 2039 1479 2071 Livia
1497 2038 1527 2070 in
1538 2036 1698 2081 familiam
1707 2036 1842 2082 Juliam,

409 2093 572 2127 nomenque
588 2083 723 2128 Augusto.
740 2084 961 2128 adsumebatur.
1013 2086 1049 2118 In
1067 2089 1090 2119 S
1097 2085 1215 2119 PEM
1235 2087 1293 2122 SE
1305 2087 1333 2120 C
1339 2085 1369 2118 V
1372 2086 1408 2118 N
1410 2086 1477 2119 DA
1487 2085 1532 2118 Μ
1553 2093 1681 2127 nepotes,
1704 2093 1845 2127 pronepo-

407 2129 511 2174 tesque
527 2146 537 2170 ;
565 2130 762 2165 TERTIO
788 2133 820 2165 G
832 2131 973 2166 RADV
988 2133 1128 2176 primores
1145 2134 1276 2166 civitatis
1291 2131 1463 2177 scripfi-rat,
1485 2132 1636 2176 plerosque
1654 2130 1759 2174 invifhs
1775 2131 1843 2176 fibi,
1856 2150 1863 2164 v,

399 2175 457 2220 sed
467 2179 634 2218 jallanha,
653 2180 813 2223 gloriaque
826 2179 866 2211 ad
876 2178 1007 2223 posteros.
1020 2200 1085 2204 —-
1098 2180 1187 2212 Suet.
1202 2178 1319 2212 Claud.
1339 2179 1481 2213 VI.-——
1532 2181 1561 2212 ui
1584 2187 1683 2212 tamen
1705 2180 1842 2220 moriens,

407 2221 445 2258 (θ’
472 2225 504 2257 1'n
529 2224 562 2257 T
564 2225 694 2260 ERTI
699 2227 717 2259 I
723 2227 746 2258 S
772 2225 1030 2260 HAEREDIB
1042 2227 1100 2260 VS
1123 2237 1188 2259 eum
1214 2238 1251 2258 ex
1273 2234 1364 2270 parte
1386 2224 1480 2260 tortili
1504 2235 1716 2270 nuncupatum,
1741 2227 1840 2269 legato

403 2271 498 2304 etiam
520 2272 599 2305 circa
615 2271 751 2317 sestertia
768 2274 859 2307 vicies
866 2271 1048 2316 prosecutus,
1075 2274 1293 2306 commendavit
1313 2272 1426 2318 insuper
1448 2275 1637 2315 exercitibus,
1656 2272 1778 2317 senatui
1787 2282 1841 2316 po-

398 2319 526 2365 puloque
537 2319 673 2356 Romano
686 2321 765 2356 inter
781 2329 901 2357 cateras
919 2318 1142 2365 neceffitudines
1158 2321 1345 2356 nominatim.

1700 2382 1735 2415 3.
1767 2366 1839 2414 Ea,
