2059 2812
615 147 729 199 Leo.
768 146 860 198 JV.
934 145 1031 198 Tit.
1071 144 1134 195 X.
1499 149 1594 213 263

161 253 287 302 natio,
315 251 491 303 itemque
515 245 601 287 aliae
629 247 763 287 multae
786 244 907 287 causae
932 244 1033 297 saepe
1061 242 1289 284 hominibus
1308 243 1600 298 impedimento

161 318 264 367 sunt,
297 313 510 368 quominus
530 324 614 350 rem
634 311 740 351 suam
762 310 832 364 ipfi
856 309 999 362 exequi
1021 307 1178 362 poffint.

224 395 257 428 3.
285 377 352 416 Est
379 384 509 414 autem
536 376 782 413 Procurator
808 372 847 412 in
868 384 1011 425 genere,
1048 371 1117 422 qui
1145 369 1273 409 aliena
1304 371 1466 424 negotia
1492 385 1601 411 man-

162 442 257 483 dato
287 437 457 479 Domini
484 437 742 477 administrat.
800 439 892 476 Hoc
921 444 1051 473 autem
1081 432 1174 473 loco
1192 433 1384 488 specialius
1407 436 1602 489 accipitur

160 518 238 558 pro
258 517 322 551 eo,
350 503 419 555 qui
439 501 601 555 negotia
620 499 820 554 judicialia
839 496 1026 537 mandato
1042 496 1210 536 Domini
1229 496 1488 539 administrat.

216 583 254 617 4.
286 570 532 606 Procurator
546 574 678 603 autem
694 562 830 603 differt
846 576 867 602 a
881 559 1069 611 Syndim,
1084 559 1309 600 Defensore
1323 566 1358 602 ὃ(
1375 561 1601 604 Advocato.

161 628 421 683 ——Syndicus
451 629 518 676 est,
549 627 612 667 cui
642 627 690 665 ab
709 623 993 673 Universitate,
1021 621 1203 662 universa
1230 624 1393 676 negotia
1420 624 1603 664 mandata

160 690 524 744 sunt.-a--Defi>nsor
541 691 608 738 est,
637 689 705 743 qui
724 701 833 728 reum
857 686 932 727 fine
954 685 1140 726 mundato
1166 687 1206 725 in
1231 686 1383 740 judicio
1402 686 1599 728 defendit.

160 799 359 848 plerumque
379 812 396 834 a
422 797 596 833 consulari
617 797 761 844 quodam
789 795 1042 831 deducebantur
1064 807 1122 828 ceu
1143 794 1244 829 docet
1274 795 1360 829 Plin.
1384 797 1484 843 Epist.
1503 798 1598 833 XIV.

162 847 237 882 Lib.
259 861 291 881 2.
384 849 428 880 At
443 845 558 880 hercule
576 856 645 879 ante
661 847 832 879 memoriam
858 857 966 883 meam,
992 844 1132 889 (majores
1149 852 1222 876 natu
1239 845 1283 876 ita
1296 844 1393 888 fhlent
1410 845 1517 886 dicere,
1519 845 1535 885 )
1561 857 1600 878 ne

160 895 340 938 nobiliffimis
356 895 473 940 quidem
484 893 720 937 Ailolcfi‘entibus
735 896 812 926 locus
828 903 907 935 erar,
933 891 983 937 nisi
1001 893 1101 935 aliquo
1113 890 1269 934 Consulari
1283 893 1482 935 producente:
1508 900 1600 926 tanta

160 943 349 976 veneratione
370 942 603 986 palchen-innan
624 951 691 984 opus
708 941 924 973 celebrabatur.
980 939 1033 971 Sic
1053 939 1195 981 legimus
1212 938 1377 983 Augustum
1400 939 1601 985 ampliffimo

161 987 341 1035 praeditum
368 988 557 1031 magistratu
584 991 693 1021 Caium
720 990 753 1020 ὃ(
779 987 911 1020 Lucium
935 985 1023 1019 filios
1055 984 1111 1018 suo
1139 996 1309 1030 quemque
1339 987 1511 1031 tyrocinio
1539 986 1600 1020 de-

160 1034 289 1070 duxisse
304 1038 337 1069 in
359 1034 467 1068 forum
485 1051 492 1074 ;
530 1033 572 1068 fic
592 1035 744 1068 Tiberium
764 1035 910 1067 Romam
938 1031 1099 1065 reversum
1126 1031 1234 1065 filiurn
1252 1032 1345 1066 suurn
1364 1032 1508 1077 Drusum.

160 1085 256 1117 Hanc
275 1094 344 1117 rem
364 1083 483 1116 Tucim
503 1080 545 1114 de
571 1080 672 1115 caulis
698 1091 866 1126 corruptae
882 1080 1084 1125 eloquentia:
1107 1078 1205 1113 latius
1222 1081 1600 1126 exequitur.—-Ergo‚

159 1130 289 1177 inquit,
315 1131 390 1174 apud
404 1132 529 1170 majores
546 1129 648 1172 noslros
670 1130 790 1170 juvenis
808 1130 865 1169 ille,
892 1129 941 1172 qui
957 1125 992 1161 ὅ]
1011 1126 1075 1171 foro
1092 1126 1128 1161 Θ
1147 1129 1315 1171 eloquentia
1333 1129 1512 1172 parabatur,
1539 1131 1600 1163 im-

159 1179 246 1212 butus
255 1179 322 1218 jam
340 1177 491 1221 domestica
505 1176 689 1220 Disciplina,
715 1174 842 1219 refertus
860 1174 973 1220 honestis
983 1173 1100 1218 studiis,
1133 1175 1336 1207 deducebatur
1351 1186 1370 1207 a
1388 1177 1494 1216 Patre,
1520 1178 1568 1209 vel
1580 1188 1600 1209 a

155 1226 324 1269 propinqui}
341 1225 379 1257 ad
398 1235 463 1257 eum
477 1226 648 1264 Oratorem,
675 1224 726 1267 qui
739 1223 901 1266 principem
921 1223 1013 1255 locum
1031 1222 1061 1254 in
1079 1221 1203 1255 civitate
1217 1223 1339 1255 tenebat
1353 1235 1363 1254 .·
1389 1222 1465 1255 hunc
1473 1221 1598 1267 sec‘tari,

160 1272 237 1305 hunc
252 1270 401 1315 prosequi,
426 1272 511 1312 hujus
529 1271 660 1304 omnibus
678 1270 848 1304 dil'tionibus
863 1267 1009 1313 interesse,
1032 1267 1089 1311 five
1106 1269 1137 1301 in
1148 1268 1282 1310 judiciis,
1300 1267 1362 1312 five
1376 1269 1406 1302 in
1421 1270 1599 1304 concionibus

160 1317 361 1363 assuescebat3
387 1319 433 1350 ita
450 1327 483 1350 ut
501 1318 711 1351 altercationes
725 1328 837 1362 quoque
850 1318 996 1360 excipere,
1013 1314 1049 1349 (θ’
1060 1316 1172 1359 jurgiis
1186 1314 1331 1359 intereffe,
1356 1325 1447 1360 utque
1453 1315 1496 1361 fic
1513 1317 1599 1351 dixe-

160 1366 229 1406 rim,
250 1374 387 1409 pugnare
405 1365 434 1397 in
455 1366 556 1408 praelio
579 1364 712 1406 disceret.
764 1363 818 1397 Est
838 1363 903 1396 haec
923 1364 1020 1406 origo
1039 1362 1258 1396 Advocatorum
1275 1361 1489 1408 quisupereſje
1505 1361 1601 1398 dice-

160 1410 283 1445 bantur
299 1411 458 1455 negotiis,
486 1412 634 1457 quamvis
651 1420 729 1444 tunc
749 1409 897 1444 nondum
916 1408 963 1443 fas
980 1408 1059 1443 eflet
1077 1408 1287 1452 litigantibus
1302 1408 1410 1444 abeffe
1426 1408 1597 1457 ejudicIO.

214 1460 308 1492 Nam
329 1470 369 1491 ne
388 1457 462 1491 fieri
483 1457 620 1504 quidem
649 1466 781 1503 poterat
800 1469 840 1491 ex
861 1458 994 1503 antiqui
1009 1456 1093 1503 juris
1113 1458 1263 1489 Romani
1285 1457 1471 1502 principiis,
1497 1467 1534 1491 ut
1550 1458 1601 1492 al-

160 1507 267 1540 terius
299 1505 435 1538 nomine
463 1505 640 1551 quisquam
669 1514 792 1547 ageret.
847 1504 962 1548 Qum
981 1503 1159 1537 necessaria
1175 1514 1257 1546 ergo
1281 1502 1362 1537 effet
1387 1503 1600 1547 litigantium

160 1550 344 1599 praesentia,
370 1562 430 1584 nec
449 1549 552 1595 poffet
570 1550 746 1597 quisquam
766 1550 878 1584 alieno
894 1552 1032 1584 nomine
1049 1550 1097 1584 vel
1117 1550 1296 1583 intendere
1310 1549 1419 1593 litem,
1442 1551 1493 1585 vel
1510 1554 1602 1587 exci-

160 1611 249 1645 pere,
275 1596 334 1632 nifi
352 1599 385 1632 in
404 1597 591 1632 actionibus
610 1609 670 1643 pro
686 1598 805 1641 Populo,
833 1609 894 1642 pro
909 1598 1078 1639 Libertate,
1106 1608 1166 1641 pro
1189 1598 1301 1641 Pupillo
1326 1600 1395 1631 &c.
1417 1597 1601 1633 molestiffi-

161 1659 253 1680 mum
272 1645 338 1679 hoc
354 1653 428 1678 erat
450 1645 503 1687 iis,
531 1646 591 1690 qui
615 1643 817 1678 subtilitates
832 1645 928 1690 juris,
955 1643 1089 1690 forique
1114 1642 1269 1687 ambages
1298 1656 1413 1690 parum
1433 1644 1603 1690 intellige-

160 1692 252 1727 bant.
307 1692 439 1725 Inventi
458 1689 594 1725 demum
624 1689 699 1725 sunt
724 1701 958 1726 COGNITORES
987 1694 1022 1725 &
1051 1702 1342 1732 PROCVRATORES,
1368 1692 1428 1738 qui
1457 1692 1602 1728 aliorum

161 1740 239 1774 lites
258 1737 474 1786 susciperent.
527 1737 638 1783 Qale
656 1739 745 1771 inter
763 1749 818 1771 eos
836 1736 1014 1771 discrimen
1030 1736 1141 1778 fuerit,
1168 1735 1366 1783 quibusdam
1392 1740 1493 1784 paulo
1508 1740 1603 1775 vide-

162 1797 216 1821 tut
236 1785 421 1821 obscurius,
475 1784 529 1819 Ast
563 1788 595 1819 in
621 1797 663 1819 eo
682 1783 846 1818 diversam
867 1785 1002 1818 illorum
1022 1785 1256 1819 conditionem
1275 1782 1372 1818 fuiffe
1390 1787 1601 1821 animadver-

161 1843 251 1875 tunt,
275 1831 368 1880 quod
380 1841 555 1877 procurator
572 1831 716 1866 absentis
730 1832 945 1875 Litigatoris3
969 1833 1100 1876 cognitor
1114 1830 1282 1877 praesentis
1299 1831 1448 1877 ejusdem
1467 1831 1599 1869 causam

160 1881 281 1924 egerit,
299 1879 351 1914 vel
366 1880 480 1927 potius
496 1879 597 1913 causae
617 1879 684 1913 illis
703 1892 721 1913 a
734 1877 881 1913 dominis
901 1878 1115 1926 praesentibus
1132 1877 1268 1913 fuerunt
1285 1879 1454 1914 conceffae.
1509 1882 1595 1916 Hor.

163 1928 232 1962 Ser.
251 1928 279 1962 1.
300 1938 329 1972 5.
350 1939 380 1961 v.
400 1939 453 1973 34.

489 1973 554 2019 Jus
580 1984 687 2019 anceps
710 1974 786 2016 novi,
812 1974 917 2019 causas
941 1973 1096 2019 defendere
1116 1973 1247 2019 possum.-

495 2022 615 2065 Eripiet
640 2022 737 2065 quivis
763 2023 860 2055 oculos
885 2023 974 2055 citius
996 2023 1078 2063 mihi,
1104 2033 1196 2067 quam
1217 2030 1247 2054 te

495 2070 703 2112 Contemptum
725 2066 810 2111 caſsa*
834 2080 908 2102 nuce
930 2078 1092 2113 pauperet:
1118 2070 1175 2102 baec
1193 2080 1258 2102 mea
1277 2080 1351 2104 cura
1375 2067 1427 2114 est,

496 2116 545 2149 Ne
563 2116 635 2159 quid
651 2124 684 2149 tu
697 2116 817 2159 perdas,
842 2127 898 2150 neu
912 2116 952 2162 fis
965 2117 1056 2157 jocus.
1111 2117 1157 2150 Ire
1175 2117 1291 2150 domum
1308 2125 1402 2161 atque

494 2163 669 2197 Pelliculam
688 2174 794 2196 curare
807 2163 882 2204 jube
898 2179 908 2204 ;
924 2164 950 2209 fi
977 2164 1084 2198 COG
1092 2164 1128 2197 N
1131 2165 1149 2197 I
1159 2164 1188 2196 T
1191 2163 1257 2197 oR
1282 2161 1353 2207 ipse.

161 2209 234 2243 Cic.
257 2220 318 2255 pro
344 2210 382 2243 A.
405 2208 751 2257 Caecina.—-—Qam
775 2209 932 2254 perfimam
957 2212 1024 2252 jam
1050 2223 1087 2243 ex
1112 2211 1286 2254 quotidiana
1313 2209 1480 2254 cognoscitis
1507 2211 1595 2252 vita,

162 2258 418 2300 Recuperatores!
455 2257 627 2291 Mulierum
656 2257 850 2300 affentatoris‚
876 2259 980 2292 CO-(J
991 2258 1026 2291 N
1030 2258 1048 2290 I
1054 2258 1085 2292 T
1087 2259 1177 2291 oRl
1185 2259 1210 2291 S
1232 2258 1403 2299 viduarum,
1440 2255 1596 2301 defensoris

161 2306 286 2338 nimium
299 2303 425 2348 litigiosi,
450 2305 554 2338 conciti
567 2305 606 2338 ad
623 2305 736 2345 rixam,
763 2305 866 2348 inepti,
897 2316 933 2338 ac
942 2304 1031 2348 stulti
1048 2305 1126 2340 inter
1139 2305 1228 2347 viros,
1253 2305 1331 2340 inter
1345 2305 1485 2338 mulieres
1502 2305 1596 2348 periti

155 2352 250 2395 juris,
274 2348 312 2385 ὅθ’
329 2352 448 2385 callidi:
473 2352 549 2386 hanc
565 2349 716 2396 personam
734 2351 875 2396 imponite
890 2352 1028 2388 AEbutio.

1303 2396 1596 2438 —Advocatus
