2059 2812
704 150 813 202 Lz‘b.
846 150 886 202 I.
960 150 1056 204 Tit.
1098 149 1160 204 II.
1619 154 1656 219 9‘

277 270 316 306 4.
345 255 403 292 Ex
431 250 508 291 hoc
538 250 621 304 jure
642 249 873 291 introducta
894 251 983 290 sunt
1010 250 1127 301 bella,
1154 250 1335 292 discretae
1354 260 1504 306 gentes,
1531 264 1654 305 regna

222 314 398 361 condita,
427 312 545 366 Agris
576 312 738 351 termini
766 310 897 364 positi,
923 312 1086 352 aedificia
1117 312 1329 360 collocata,
1355 312 1654 362 commercium,

221 375 546 424 manumiffiones,
572 381 607 416 ὃς
627 374 894 428 obligationes
912 372 1113 422 institutae,
1140 376 1314 427 exceptis
1331 373 1563 427 quibusdam
1583 372 1653 413 ob-

219 437 476 493 ligationibus
495 451 579 491 quae
596 439 680 491 jure
698 435 808 476 civili
826 433 1068 475 introductae
1087 433 1189 474 sunt.

276 514 314 548 5.
345 503 398 539 Et
418 500 496 540 hoc
513 498 674 552 quidem
701 498 835 538 stricte
859 503 893 538 ὅ(
918 497 1086 550 proprie
1112 495 1266 538 dietum
1293 497 1348 536 est
1378 496 1435 549 jus
1461 496 1655 549 gentium,

218 561 326 614 quod
343 563 437 602 alias
454 562 574 602 etiam
592 560 711 600 latius
726 573 800 614 pro
819 559 905 612 ipso
923 560 1007 614 jure
1021 569 1172 600 naturae
1191 558 1408 611 accipitur;
1439 557 1500 597 uti
1513 563 1655 599 contra

217 623 279 678 jus
300 634 449 664 naturae
470 622 584 662 nobis
610 622 777 676 proprie
803 621 969 669 dietum,
999 621 1095 662 alibi
1122 622 1181 676 jus
1207 621 1385 675 gentium
1413 619 1654 673 appellatur.

222 685 330 726 Hinc
349 685 568 725 Distinecio
587 684 629 723 in
648 685 708 738 jus
725 684 907 738 gentium
925 683 1156 736 primaevum
1170 689 1205 726 ὅ(
1218 681 1506 722 secundarium.

276 756 312 788 6.
342 751 418 803 va
448 761 604 789 emim:
631 750 699 798 est,
727 746 835 800 quod
862 747 1024 801 quisque
1046 748 1224 802 Populus
1250 761 1326 800 pro
1352 746 1420 786 sua
1438 745 1656 799 Majestate,

221 811 299 852 hoc
317 813 387 861 est,
415 811 560 852 summa
581 813 789 864 potestate,
819 811 887 852 fibi
907 812 1127 853 constituit.
1183 810 1306 864 quue
1325 825 1397 850 nec
1417 811 1457 849 in
1475 819 1609 849 totum
1636 823 1658 849 a

222 874 393 915 naturali
414 873 583 922 recedit,
611 888 683 915 nec
713 887 784 926 per
803 875 937 914 onmia
956 874 993 914 ei
1018 874 1157 923 servit,
1183 873 1251 914 sed
1278 874 1316 914 ei
1334 872 1399 915 vel
1416 871 1528 913 addit
1547 871 1661 925 quid,

221 937 285 980 vel
303 936 491 978 detrahit.
533 938 602 991 Jus
616 935 778 989 quidem
790 936 908 978 civile
923 950 971 976 ex
984 950 1218 991 unaquaque
1232 935 1395 978 civitate
1410 934 1637 989 appellatur
1646 954 1658 986 ς

273 1048 369 1091 Agris
393 1047 532 1080 termini
551 1045 684 1093 pofiti.]
718 1045 900 1081 solennem
924 1047 1145 1082 terminorum
1172 1047 1261 1081 inter
1279 1045 1408 1081 vicinos
1426 1043 1662 1093 ponendorum

225 1093 327 1135 ritum
343 1095 458 1129 Siculus
475 1096 593 1129 Flaccus
611 1094 758 1141 explicat
777 1094 828 1127 his
847 1091 968 1127 verbis.

274 1141 361 1176 Cum
391 1142 483 1175 enim
510 1152 705 1176 τειιΜιΝοε
731 1152 1001 1182 οιεΡοΝεκεΝτ,
1034 1138 1119 1187 ipsos
1150 1140 1290 1188 quidem
1309 1138 1437 1186 lapides
1458 1140 1493 1173 in
1521 1136 1665 1173 solidam

224 1196 350 1220 terram
368 1186 594 1218 conlocabant
621 1188 775 1230 proxime
789 1199 827 1220 ea
841 1185 927 1226 loca,
945 1187 1064 1230 quibus
1079 1187 1168 1221 foffis
1182 1186 1280 1223 factis
1297 1187 1445 1222 defixuri
1465 1197 1524 1221 eos
1540 1194 1639 1220 erant
1651 1200 1666 1226 ;

226 1242 399 1276 unguento
414 1230 702 1276 velaminibusque
720 1235 756 1265 &
774 1232 906 1264 coronis
921 1243 976 1265 eos
990 1233 1222 1266 coronabant:
1249 1236 1283 1265 in
1301 1233 1391 1265 foffis
1408 1242 1524 1265 autem
1542 1231 1668 1278 quibus

228 1278 366 1325 posituri
384 1289 441 1312 eos
458 1288 563 1318 erant,
591 1275 758 1310 sacrificio
786 1275 888 1316 facto,
916 1277 1091 1321 hostiaque
1114 1278 1330 1313 immaculata
1348 1277 1439 1320 caesa,
1465 1275 1594 1311 facibus
1616 1289 1669 1312 ar-

229 1324 389 1360 dentibus
406 1325 440 1357 in
466 1323 553 1357 foffis
579 1323 750 1369 coopertis
768 1320 960 1365 sanguinem
980 1322 1195 1366 instillabant,
1216 1335 1328 1369 eoque
1345 1324 1475 1365 Thura,
1500 1327 1537 1359 &
1555 1323 1668 1368 fruges

225 1371 416 1420 jactabant:
449 1369 541 1404 favos
566 1380 704 1415 quoque
723 1372 760 1403 &
782 1370 910 1410 vinum,
935 1368 1068 1414 aliaque
1086 1369 1210 1416 quibus
1227 1368 1437 1404 consuetudo
1454 1370 1501 1403 est
1526 1383 1668 1406 TERMI-

228 1431 293 1456 ms
313 1418 437 1453 sacrum
450 1417 538 1459 fieri,
556 1417 591 1450 in
604 1414 687 1451 fossa
702 1414 909 1461 adjiciebant
923 1431 933 1456 ;
960 1414 1235 1465 consumptisque
1249 1415 1406 1452 omnibus
1417 1415 1562 1461 dapibus
1579 1418 1670 1462 igne,

229 1466 327 1513 super
345 1464 493 1499 calentes
507 1463 670 1510 reliquias
686 1461 812 1510 lapides
826 1462 1060 1507 conlocabant‚
1085 1474 1190 1511 atque
1207 1465 1257 1499 ita
1273 1463 1433 1509 diligenti
1451 1463 1529 1498 cur&
1546 1464 1672 1499 confir-

229 1513 377 1554 mabant,
403 1511 543 1558 adjeffls
566 1513 668 1545 etiam
692 1508 891 1556 quibusdam
916 1509 1070 1546 saxorum
1101 1510 1324 1556 fragminibus
1355 1509 1671 1554 circumcalcabant‚

231 1573 299 1608 quo
319 1560 448 1594 firmius
463 1559 596 1593 starent.
646 1557 730 1593 Tale
746 1570 828 1602 ergo
845 1557 1054 1592 Sacrificium
1065 1560 1219 1602 Domini,
1249 1560 1339 1594 inter
1356 1570 1440 1606 quos
1459 1569 1569 1594 muns
1587 1558 1671 1593 diri-

230 1607 419 1651 mebantur,
436 1604 617 1642 faciebant.
652 1604 756 1642 Unde
766 1607 842 1640 Lux
858 1604 957 1640 datur
979 1604 1066 1640 hisce
1081 1605 1200 1641 Ovidii
1219 1605 1363 1641 verfibus
1379 1604 1460 1641 Lib.
1481 1617 1514 1642 2.
1534 1605 1618 1642 Fast.

977 1655 1071 1688 Solito
1088 1655 1254 1689 celebretur
1272 1655 1377 1690 honore

563 1705 691 1747 Separat
708 1702 817 1736 indicio
835 1702 887 1746 qui
900 1703 989 1736 Deus
1006 1713 1082 1736 arva
1095 1701 1163 1747 suo.

469 1749 697 1792 TERMINE,
716 1749 779 1795 five
796 1749 941 1791 LAPIS,
960 1748 1022 1794 five
1039 1761 1070 1783 es
1085 1748 1207 1794 defoffus
1225 1750 1255 1783 in
1272 1759 1344 1794 agro

569 1798 683 1841 Stipes,
708 1798 745 1830 ab
760 1798 891 1841 antiquis
907 1796 954 1830 Tu
973 1807 1087 1841 quoque
1101 1809 1208 1832 numen
1224 1798 1325 1830 habes.

470 1843 527 1878 TE
545 1845 635 1878 DVO
652 1844 849 1879 DIVERSA
867 1843 1049 1878 DOMINI
1063 1845 1127 1879 DE
1145 1844 1299 1880 PARTE
1317 1841 1575 1885 CORONANT‚

568 1893 707 1936 Binaque
716 1891 802 1936 ferta
825 1891 905 1933 Tibi,
933 1891 1060 1936 binaque
1081 1892 1142 1926 liba
1163 1892 1281 1938 ferunt.

236 1940 280 1974 Et
298 1938 388 1974 alibi.
425 1955 540 1965 -—-—-
568 1941 676 1973 Omnis
693 1940 751 1973 erit
761 1938 824 1984 fine
838 1937 882 1973 Te
899 1939 1038 1985 litigiosus
1056 1942 1150 1985 Ager,

237 1989 316 2034 Juv.
337 1987 405 2022 Sat.
421 1985 517 2021 XVI.
545 1997 574 2019 v.
597 1998 651 2031 37.

570 2034 722 2078 Improbus
740 2042 796 2068 aut
809 2044 948 2078 campum
965 2035 1037 2069 mihi
1047 2034 1074 2080 fi
1089 2035 1214 2070 Vicinus
1229 2035 1356 2077 ademit,

571 2084 637 2115 Aut
653 2081 840 2116 SACRVM
854 2081 953 2125 effodit
970 2082 1065 2117 medio
1084 2084 1119 2117 de
1136 2083 1232 2116 limite
1246 2081 1426 2125 SAXVM,

570 2127 669 2176 Qd
685 2140 753 2164 mea
773 2140 840 2163 cum
856 2130 952 2164 vetulo
969 2131 1059 2165 coluit
1071 2133 1142 2175 puls
1159 2142 1259 2165 annua
1276 2130 1343 2164 libo.

242 2173 372 2210 Tibull.
390 2174 484 2219 Eleg.
505 2173 583 2210 Lib.
597 2188 629 2211 1.

911 2225 1098 2259 —-Non
1113 2226 1196 2271 fixus
1217 2227 1249 2259 in
1272 2225 1371 2269 agris,

617 2271 647 2304 ui
663 2271 887 2307 REGERET
898 2274 984 2306 certis
993 2272 1103 2318 finibus
1120 2285 1207 2315 arva,
1226 2272 1367 2307 LAPIS.

292 2315 378 2350 Cum
397 2325 527 2351 veteres
540 2319 679 2353 Cererem
694 2318 885 2365 Legiferam,
910 2323 947 2354 &
966 2319 1054 2354 sacra
1072 2322 1143 2367 ejus
1159 2319 1385 2365 Thesmophoria
1407 2314 1565 2349 dixerunt
1573 2328 1585 2355 ς
1611 2308 1678 2348 hoc

245 2360 489 2408 fignificabant,
514 2376 554 2400 ex
571 2376 727 2409 agrorum
744 2365 908 2403 divisione
925 2366 1072 2403 extitiffe
1089 2369 1167 2404 novi
1181 2365 1355 2414 cujusdam
1372 2363 1456 2410 juris
1473 2362 1651 2448 originein.
1667 2406 1674 2413 ¹

1060 2417 1092 2454 Β
1553 2421 1600 2452 ve
1619 2416 1689 2448 uti-
