2059 2812
374 146 476 204 258
776 139 1037 192 Elementa
1073 135 1221 203 Juris
1258 138 1429 192 Civilis

377 240 565 294 pecunias
584 239 671 280 dari
691 237 761 286 eis,
789 238 858 291 qui
878 238 920 277 in
941 237 1137 291 potestate
1156 238 1332 290 parentis
1352 238 1440 279 sunt
1456 259 1467 291 3
1496 244 1530 280 δε
1550 238 1588 279 ei
1604 239 1674 292 qui
1694 238 1824 280 credi-

375 302 483 344 derit
505 303 726 356 denegatur
748 301 871 342 Actio
891 310 969 342 tam
992 298 1178 340 adversus
1196 298 1320 353 ipsum
1348 299 1474 342 filium
1496 301 1680 351 filiamve,
1707 315 1824 355 quam

376 366 564 408 adversus
589 376 760 419 patrem.
821 368 928 422 Qae
950 363 1043 405 ideo
1065 368 1226 404 Senatus
1251 364 1472 418 prospexit,
1498 367 1590 419 quia
1609 366 1709 420 saepe
1729 381 1825 407 one-

373 432 453 472 rati
479 443 557 470 aere
584 430 717 471 alieno
745 430 987 473 creditarum
1015 429 1288 483 pecuniarum,
1318 443 1412 482 quas
1435 430 1474 469 in
1499 431 1695 472 luxuriam
1729 446 1824 473 con-

373 491 596 541 sumebant,
625 494 718 535 vitae
740 498 953 535 Parentum
974 489 1268 532 insidiabantur.

374 603 470 649 cujus
485 602 569 645 legis
583 600 789 637 sententiam
811 601 987 637 conditum
1014 600 1080 636 fuit
1099 601 1394 648 Senatusconfidtum
1409 603 1675 646 NIacedoniauum,
1701 602 1742 638 fic
1761 616 1818 650 ap-

374 650 548 696 pellatum,
576 661 644 683 non
663 662 680 683 a
696 649 1089 695 Macedone'Adolescente,
1118 651 1178 697 qui
1197 649 1250 684 sua
1266 652 1380 683 omnia
1403 662 1461 698 per
1478 650 1640 684 luxuriem
1660 651 1819 700 prodige-

373 697 442 740 bat,
468 696 524 732 sed
542 709 561 731 a
579 697 764 739 Macedone,
782 697 963 742 foeneratore
981 698 1109 742 quodam
1136 698 1274 742 improbo,
1301 698 1362 745 qui
1393 700 1456 733 {uis
1474 699 1578 741 vitiis,
1608 703 1644 733 ὃς
1663 702 1817 745 pecunia,

373 757 475 793 quam
494 745 663 779 foenerato
680 744 793 787 dabat,
820 743 1027 779 inconsultos
1046 747 1081 779 &
1100 745 1289 791 praecipites
1311 743 1350 778 ad
1378 744 1557 780 libidinem
1578 745 1817 782 Adolescentes

371 791 625 840 corrumpebat,
651 795 769 827 incertis
792 793 962 835 nominibus,
989 791 1053 825 five
1070 791 1235 839 suppressa
1254 791 1348 827 caula
1369 794 1489 836 mutui,
1515 794 1694 840 celatoque
1714 794 1816 828 titulo

370 839 508 883 crediti,
536 843 571 875 ὃς
589 841 694 874 tacito
713 838 857 882 foenore,
885 849 990 887 atque
1016 849 1052 873 ut
1081 841 1253 883 eleganter
1278 842 1416 882 Cujacins
1446 853 1506 877 svn
1532 854 1674 876 TvNICA
1703 854 1742 876 ET
1772 853 1815 875 1η

369 899 472 931 ειΝν,
495 889 549 922 cui
571 887 661 934 apud
678 889 846 922 Horatium
876 896 1096 935 opponuntur
1121 899 1234 922 CERTA
1262 899 1434 923 NOMINA.
1486 889 1607 935 Itaque
1634 901 1674 923 ne
1703 887 1816 922 filiifa-

367 936 481 970 milias
495 937 660 980 gravitate
678 933 819 970 foenoris
836 934 1074 977 obruerentur,
1098 947 1181 970 neve
1201 935 1272 982 post
1289 946 1434 969 mortem
1455 937 1557 982 patris
1580 936 1814 970 haereditatem

365 995 502 1017 omnem
528 982 755 1018 creditoribus
785 982 916 1017 tradere
943 993 1156 1025 cogerentur,
1183 983 1321 1017 Senatus
1347 983 1497 1030 praestitit
1524 982 1677 1018 adversus
1703 983 1814 1017 credi-

365 1040 457 1065 tores
474 1032 726 1078 exceptionem,
748 1043 813 1078 qua
833 1033 1019 1064 mutuantis
1038 1031 1127 1065 aetio
1156 1030 1387 1077 repelleretur.
1441 1031 1526 1064 Sunt
1545 1033 1602 1077 qui
1628 1031 1691 1065 hoc
1720 1032 1751 1066 S.
1771 1031 1810 1065 C.

362 1089 442 1113 cum
452 1078 587 1113 Claudii
604 1078 680 1122 lege
695 1087 848 1125 tempore
860 1078 1083 1124 conjungant,
1101 1076 1182 1112 ficut
1195 1081 1229 1112 &
1245 1076 1411 1112 sententia
1431 1078 1693 1123 conjunguntur.
1746 1077 1811 1113 Sed

364 1127 444 1172 quia
466 1127 501 1160 in
519 1125 662 1160 eandem
690 1125 893 1161 sententiam
912 1126 1069 1159 Senatum
1100 1124 1282 1159 decrevisse
1314 1124 1371 1159 sub
1400 1124 1602 1172 Vespafiano
1634 1127 1813 1161 Suetonius

363 1172 484 1216 tradit,
512 1173 640 1208 malunt
661 1172 813 1220 plerique
827 1175 858 1209 S.
875 1174 909 1207 C.
932 1172 1003 1219 ejus
1020 1173 1186 1215 originem
1205 1171 1434 1219 aVespafiano
1453 1183 1618 1219 repetere,
1645 1172 1704 1206 nisi
1723 1171 1813 1207 forte

363 1218 554 1255 obsoletum
574 1221 686 1267 postea
702 1219 762 1255 sub
782 1218 984 1267 Vespasiano
1002 1221 1336 1254 revixit.-—Tacit.
1354 1219 1475 1254 Annal.
1495 1220 1572 1254 Lib.
1589 1222 1649 1254 XI.
1675 1232 1808 1267 cap.13.

361 1270 493 1303 ——Et
507 1270 573 1314 lege
590 1270 670 1310 lata,
700 1267 850 1313 sevitiam
870 1268 1049 1303 creditorum
1068 1269 1209 1308 coercuit,
1234 1280 1270 1302 ne
1293 1269 1324 1302 in
1349 1277 1474 1303 mortem
1486 1268 1647 1313 parentum
1666 1270 1810 1313 pecunias

353 1316 620 1362 filiisfamiliarunz
638 1315 747 1360 faenori
776 1316 1077 1350 darent-*Suet
1098 1314 1176 1350 Ves.
1210 1327 1283 1363 cap.
1301 1316 1567 1350 XL—-Auc‘lor
1594 1318 1723 1350 Senatui
1743 1315 1810 1360 fuit

358 1365 548 1406 decernendi,
575 1376 611 1398 ne
628 1363 899 1410 filiorumfamt'lias
911 1363 1141 1410 faeneratoribus
1158 1363 1298 1408 exigendi
1315 1364 1420 1397 crediti
1432 1366 1479 1405 jws
1497 1375 1630 1408 unquam
1647 1361 1728 1407 effer,
1753 1364 1806 1399 hoc

357 1411 408 1455 est,
428 1424 464 1448 ne
477 1411 537 1458 post
549 1413 649 1459 patris
664 1413 786 1458 quidem
802 1411 1178 1446 mortem—Terent.
1202 1413 1236 1445 in
1261 1409 1480 1453 Phormione,
1509 1411 1583 1444 Λᾶ.
1602 1412 1646 1445 11.
1660 1412 1712 1445 Sc.
1730 1411 1753 1444 Ι.

695 1494 757 1518 GE.
784 1482 852 1516 Non
868 1482 961 1525 ratio,
986 1493 1090 1516 oerum
1108 1490 1266 1526 argentum
1281 1480 1397 1515 deerat.
1451 1492 1509 1515 οε.
1537 1484 1677 1516 Sumeret

695 1530 858 1565 Alicunde.
911 1541 969 1563 GE.
998 1530 1165 1563 Alicunde!
1196 1529 1271 1562 nihil
1285 1527 1324 1572 est
1340 1529 1419 1562 dieu
1430 1527 1568 1571 facilius.

691 1589 749 1612 DE.
779 1576 925 1621 Postremo
937 1575 965 1621 fi
982 1577 1058 1610 nullo
1073 1576 1133 1610 alio
1148 1578 1246 1620 pallo,
1265 1573 1389 1618 foenore.

689 1635 748 1658 GE.
777 1624 848 1658 Hm·
866 1625 874 1655 Ξ
902 1623 981 1656 dixti
993 1620 1130 1667 pulchre,
1146 1621 1293 1668 fiquidem
1311 1622 1469 1667 quisquam
1487 1622 1621 1657 crederet

689 1672 756 1706 TE
782 1671 912 1706 VIVO.

352 1756 387 1791 Si
416 1755 502 1792 hanc
526 1757 635 1803 legem
662 1755 851 1802 neglectam
869 1755 1039 1791 revocavit
1064 1753 1257 1800 Vespafianus‚
1284 1766 1351 1788 non
1371 1753 1515 1789 multum
1533 1753 1674 1802 profuit,
1700 1754 1802 1792 aliter

353 1805 443 1840 enim
461 1804 520 1840 suo
537 1817 618 1841 mox
633 1816 790 1853 ternpore
813 1803 970 1839 ufitatum
988 1801 1087 1839 fuiss'e
1108 1801 1255 1836 ostendit
1271 1801 1443 1849 Juvenalis
1459 1801 1530 1838 Sat.
1546 1802 1612 1837 111.

1070 1871 1170 1904 Funus
1189 1870 1368 1914 promittere
1388 1872 1487 1912 patris

684 1918 751 1953 Nec
776 1919 852 1961 volo,
878 1928 931 1952 nec
950 1917 1073 1964 poffum.

351 2006 460 2050 Leges
477 2003 581 2049 igitur
598 2002 703 2039 bonas
719 2002 850 2050 semper
862 2004 946 2039 vicit
969 2003 1217 2040 foeneratorum
1244 2001 1458 2050 improbitas,
1486 2014 1523 2038 ut
1539 2001 1582 2037 de
1598 2002 1705 2048 Fufidio
1732 2001 1795 2036 illo

350 2051 411 2089 suo
428 2051 506 2088 Lib.
523 2054 550 2088 1.
570 2053 638 2090 Sat.
654 2052 715 2088 ΙΙ..
731 2052 837 2087 tradit
854 2051 1016 2088 Horatius.

683 2107 811 2153 Fufidius
826 2119 922 2155 vappae
937 2108 1061 2154 famam
1079 2110 1167 2144 timet
1191 2119 1228 2142 ac
1246 2109 1416 2149 nebulonis,

685 2157 783 2192 Dives
797 2158 894 2203 agris,
919 2159 1000 2192 dives
1015 2157 1113 2203 positis
1130 2159 1161 2191 in
1172 2155 1282 2200 foenore
1301 2157 1438 2190 nummis.

685 2203 816 2251 Quas
832 2205 880 2239 hic
894 2206 986 2249 capiti
1000 2204 1151 2239 mercedes
1169 2203 1289 2249 exsecat
1299 2217 1310 2244 ς
1337 2211 1430 2247 atque

686 2252 821 2299 Qanto
835 2253 981 2296 perditior
994 2250 1119 2296 quisque
1134 2250 1183 2296 est,
1209 2258 1294 2284 tanto
1310 2251 1404 2283 acrius
1418 2258 1504 2295 urget
1517 2263 1530 2291 3

683 2300 817 2334 Nomina
827 2299 974 2344 sedlatur,
996 2299 1078 2333 modo
1086 2297 1209 2343 sumpta
1227 2295 1302 2341 veste
1319 2298 1398 2332 virili

682 2348 746 2383 Sub
759 2347 893 2393 patribus
911 2348 1002 2392 duris,
1028 2347 1169 2382 tironum.

1630 2390 1791 2442 va
