2059 2812
427 175 496 227 90
819 157 1084 209 Elementa
1116 155 1264 223 Juris
1300 155 1471 210 Civilis

952 257 998 305 T
1038 272 1062 308 1
1105 272 1157 306 T.
1231 257 1327 306 III.

914 338 995 388 De
1031 337 1372 390 Servitutibus.

487 453 519 477 1.
552 435 767 477 Occasione
788 449 920 476 rerum
940 435 1255 490 incorporalium
1275 437 1409 490 agitur
1423 435 1489 476 hic
1508 435 1557 475 de
1573 437 1760 478 Servitute
1779 452 1863 491 quae

428 514 449 538 a
478 500 687 544 serviendo
712 499 876 540 dicitur.
934 501 1103 541 Servitus
1131 513 1229 542 vero
1249 501 1305 542 est
1334 500 1393 554 jus
1421 499 1462 539 in
1481 511 1524 541 re
1543 499 1670 543 aliena
1688 502 1736 542 ad
1756 502 1864 542 usum

426 562 589 606 alterius
608 562 672 603 vel
691 561 835 614 praedii
847 562 912 602 vel
929 561 1107 614 personae
1126 573 1272 614 praeter
1289 563 1371 616 ejus
1390 571 1571 602 naturam
1591 564 1862 604 constitutum.

426 668 636 692 CONIVNCTI
666 655 750 699 sunt,
777 656 835 701 qui
867 668 934 690 uno
964 655 1151 704 eodemque
1180 656 1295 700 titulo,
1319 656 1508 694 dummodo
1541 669 1608 691 non
1635 657 1862 702 haereditario,

424 715 525 737 terras
542 714 598 737 aut
617 705 826 737 Tenementa
857 702 1300 750 poffidcnt.-—TENENTES
1330 716 1371 740 m
1400 716 1585 740 COMMVNI
1613 703 1686 739 sunt
1713 706 1775 749 illi,
1800 709 1861 755 qui

423 763 464 785 ex
481 749 617 785 diversis
633 750 742 784 titulis
759 752 881 785 Terras
898 761 956 785 aut
974 753 1184 786 Tenementa
1206 764 1266 798 pro
1285 750 1431 786 indiviso
1457 750 1633 798 poffident.
1683 754 1817 799 Utpote
1836 753 1858 788 sz

423 810 488 832 una
506 810 524 831 e
546 796 776 832 cohaeredibus
793 807 923 844 partem
940 796 1030 833 suam
1044 809 1205 834 extraneo
1219 798 1420 841 vendiderit,
1444 801 1510 833 Hic
1525 811 1591 833 non
1608 810 1746 834 TENENS
1772 812 1862 836 cox-

423 858 580 882 IVNCTVS
598 857 673 879 curn
690 844 830 892 reliquis
845 845 1079 894 participibus,
1104 845 1159 881 sed
1179 859 1221 881 IN
1249 858 1433 882 commvm
1454 856 1677 892 nuncupatur.

470 894 521 927 De
539 892 728 927 Feudorurn
746 893 879 936 origine
897 905 963 927 non
986 895 1145 928 convenit
1167 896 1257 928 inter
1274 896 1479 941 Interpretes
1494 893 1575 939 juris
1591 894 1765 935 Romani;
1790 893 1861 929 Ali-

421 940 480 986 qui
499 941 586 973 enim
607 937 720 974 Feuda
736 951 754 972 a
767 941 968 975 Romanorum
983 940 1112 985 legibus
1131 945 1166 976 δε
1183 939 1333 975 moribus
1352 951 1427 975 orta
1445 939 1542 975 fuiffe
1557 940 1748 974 existimant
1768 957 1778 982 3
1802 940 1857 976 sed

421 987 525 1031 longe
544 987 654 1034 plures
671 999 709 1021 ea
724 989 886 1021 Romanis
905 990 1078 1032 incognita
1094 987 1202 1030 fuine,
1229 992 1265 1023 δέ
1283 1001 1301 1022 a
1315 989 1517 1034 Longohardts
1533 986 1660 1021 durnin
1680 987 1780 1022 Italia
1797 987 1859 1022 do-

421 1033 633 1069 minabantur
649 1033 785 1080 coepiss'e
805 1033 955 1069 tradunt.

468 1081 539 1127 Qi
562 1083 727 1116 Romanis
747 1080 937 1116 Feudorum
967 1083 1133 1126 originem
1165 1081 1331 1125 tribuunt,
1358 1091 1545 1116 memorant
1572 1080 1642 1115 illas
1660 1079 1856 1125 clientelas,

421 1141 496 1175 quae
514 1133 602 1162 inter
617 1130 780 1162 Pati-onos
799 1133 835 1164 &
855 1129 1004 1164 Clientes
1022 1128 1274 1164 interr-efferunt
1294 1146 1304 1170 ς
1337 1141 1413 1164 nam
1432 1142 1450 1162 a
1475 1139 1630 1173 tempore
1647 1128 1765 1162 Romuli
1779 1129 1856 1163 Ple-

420 1175 504 1210 beiis
525 1188 597 1209 mos
625 1185 696 1209 erat
721 1175 870 1216 eligendi
900 1176 1063 1208 patricios
1083 1179 1117 1207 in
1137 1177 1302 1207 Patronos
1329 1173 1415 1215 suos,
1442 1178 1478 1207 &
1499 1175 1608 1217 postea
1632 1175 1856 1209 Provinciales

419 1226 456 1256 δε
470 1223 561 1256 Socii
581 1220 639 1255 fibi
656 1220 858 1266 adoptabant
871 1220 1044 1255 Senatores
1062 1222 1094 1254 in
1105 1221 1277 1262 Patronos,
1295 1221 1382 1253 inter
1394 1232 1478 1267 quos
1495 1230 1533 1253 ea
1551 1229 1623 1254 erat
1637 1221 1855 1264 neceffitudo,

417 1278 456 1302 ut
480 1269 616 1303 Patroni
635 1267 798 1302 clientum
823 1267 1053 1316 oppressorum
1079 1277 1180 1314 caput
1198 1272 1235 1302 ὃ(
1250 1266 1402 1301 fortunas
1428 1276 1614 1309 tuerentur,
1639 1265 1856 1314 Clientesque

417 1317 553 1351 viciffim
573 1316 736 1351 Patronos
754 1313 828 1348 suos
854 1318 947 1349 omni
966 1315 1129 1362 obsequio
1149 1314 1313 1357 colerent,
1339 1313 1372 1348 &
1397 1324 1635 1348 venerarentur
1652 1330 1662 1355 ς
1697 1315 1854 1350 Clientes

416 1363 450 1397 se
466 1364 590 1398 dabant
621 1364 656 1395 in
683 1361 786 1396 fidem
806 1365 843 1396 ὃς
861 1361 1061 1397 Clientelam
1091 1363 1326 1402 Patronorum‚
1353 1362 1493 1395 Patroni
1509 1360 1660 1395 Clientes
1683 1362 1716 1395 in
1748 1362 1854 1399 fidem

414 1421 626 1458 receperunt,
651 1419 750 1455 atque
770 1408 850 1443 inde
868 1420 978 1444 ortam
999 1409 1062 1442 effe
1080 1421 1152 1443 earn
1169 1408 1452 1453 conjunffionem,
1479 1419 1550 1454 quae
1568 1407 1672 1442 hodie
1690 1408 1735 1442 est
1764 1411 1856 1444 inter

415 1459 602 1493 Dominum
622 1460 659 1491 δε
683 1454 872 1491 Vasallum:
914 1456 980 1490 Alii
998 1456 1161 1504 stipendia
1185 1456 1347 1496 rnilitum,
1374 1467 1447 1501 quae
1464 1455 1592 1488 Militiae
1622 1456 1656 1489 in
1684 1456 1758 1500 jure
1777 1458 1853 1490 Ro-

414 1518 514 1540 mano
529 1504 755 1552 appellantur,
777 1502 899 1539 Feudis
915 1503 1036 1538 similia
1055 1502 1118 1537 effe
1133 1502 1274 1544 volunt;
1302 1503 1361 1536 alii
1380 1515 1457 1536 vero
1469 1501 1617 1536 Colonos
1626 1503 1720 1547 gleba
1738 1503 1852 1549 ascrip-

414 1555 496 1587 titios
509 1551 659 1594 VasalliS,
678 1554 713 1585 &
729 1550 939 1585 Feudatariis
957 1550 1077 1585 similes
1095 1549 1159 1584 effe
1178 1551 1370 1597 opinantur.
1423 1548 1652 1584 VerifimiIIOr
1670 1550 1714 1583 est
1731 1563 1848 1586 eorum

413 1600 619 1646 conjedffira,
647 1599 706 1645 qui
732 1598 844 1645 potius
872 1598 985 1632 Feuda
1003 1598 1045 1632 ab
1062 1600 1236 1633 Alexandro
1253 1601 1359 1633 Severo
1380 1599 1416 1631 &
1437 1596 1625 1642 Constantino
1643 1597 1763 1642 Magno
1779 1610 1849 1633 coe-

414 1646 496 1693 piffe
514 1646 721 1681 censuerunt.
772 1647 895 1680 Severm
913 1647 1004 1681 enim
1025 1645 1163 1680 donavit
1181 1644 1331 1679 Ducibus
1347 1644 1380 1679 δι
1395 1643 1568 1679 Militibus
1591 1645 1790 1680 Limitaneis
1807 1658 1848 1681 ea

413 1694 548 1740 praedia,
576 1706 648 1740 quae
666 1692 707 1726 ab
724 1691 871 1727 hostibus
888 1704 987 1740 capta
1002 1692 1089 1735 sunt,
1115 1694 1162 1727 ita
1181 1702 1219 1727 ut
1238 1704 1355 1727 eorum
1377 1689 1495 1734 efflent,
1521 1690 1544 1724 si
1568 1690 1714 1725 heeredes
1731 1705 1847 1727 eorum

411 1741 609 1783 militarent,
633 1741 791 1774 attentius
808 1740 990 1774 militaturi
1008 1740 1031 1774 si
1050 1740 1105 1775 sua
1123 1739 1245 1787 prcedia
1263 1737 1506 1780 defenderent3
1532 1738 1720 1786 eademque
1735 1740 1847 1786 postea

412 1789 615 1834 Constantinus
632 1788 765 1832 NIagnm
791 1787 899 1821 voluit
925 1789 1026 1822 etiarn
1046 1787 1089 1822 ad
1106 1786 1284 1821 Haeredem
1302 1788 1472 1829 Paganurn
1492 1785 1645 1827 transire,
1668 1796 1703 1819 ut
1722 1787 1847 1822 milites

411 1836 484 1871 suos
501 1835 561 1870 fibi
579 1835 790 1870 conciliaret.
843 1837 924 1869 Haec
940 1847 1018 1869 vero
1035 1848 1053 1870 a
1066 1833 1190 1869 Feudis
1217 1833 1315 1878 longe
1330 1831 1465 1876 absunt,
1490 1845 1564 1878 quae
1579 1833 1683 1867 hodie
1699 1833 1848 1870 moribus

410 1885 561 1928 gentium
580 1882 716 1917 indurSta
738 1881 826 1924 sunt,
852 1886 888 1917 &
903 1881 1054 1918 affer-itur
1073 1880 1275 1927 Feudajure
1299 1882 1458 1915 Romano
1479 1879 1544 1915 effe
1572 1882 1704 1926 penitus
1728 1883 1845 1925 incog-

409 1932 492 1972 nita,
518 1929 677 1976 nullaque
693 1942 810 1964 eorum
823 1930 956 1974 vestigia
974 1932 1008 1965 in
1026 1932 1106 1977 Jure
1123 1929 1338 1976 Justinianaeo
1354 1939 1525 1975 apparere.

456 1979 592 2023 Craghcs,
620 1980 784 2020 Somnerus,
808 1979 1014 2021 spelmannus,
1041 1977 1168 2024 aliique
1185 1976 1377 2010 existimant
1389 1974 1582 2009 Feodorurn
1601 1974 1789 2009 Servitutes
1809 1974 1842 2008 in

408 2026 616 2060 Britanniam
631 2024 771 2059 nostram
786 2026 933 2073 primum
953 2024 1112 2059 invexisse
1129 2025 1316 2059 Gulielmum
1332 2025 1485 2058 seniorem
1501 2021 1721 2066 Conquestorem
1737 2022 1844 2054 Nun-

408 2083 580 2120 cupatum‚
608 2073 680 2119 Qi
707 2072 782 2116 lege
813 2070 851 2105 ea
875 2073 894 2106 ὲ
916 2074 1104 2108 Normannia
1124 2070 1318 2106 introducta
1335 2071 1482 2116 Angliam
1507 2078 1616 2103 totam
1643 2067 1708 2102 suis
1732 2066 1843 2102 divifit

408 2118 663 2155 Commilitibus
678 2135 688 2160 ;
713 2121 852 2154 Seldemu
866 2119 991 2165 aliique
1005 2132 1061 2154 eas
1077 2119 1285 2166 antiquiores
1298 2116 1374 2160 esse,
1399 2121 1433 2152 &
1451 2117 1612 2151 Saxonibus
1628 2127 1693 2148 non
1709 2115 1842 2158 ignotas

407 2165 473 2203 effe
489 2165 710 2201 contendunt.
763 2168 811 2200 Ex
825 2166 960 2215 Polydoro
977 2179 1071 2211 vero,
1098 2168 1158 2212 qui
1173 2164 1355 2209 Anglorum
1376 2163 1558 2198 Historiam
1575 2161 1767 2209 conscripsit
1788 2161 1842 2196 di·

406 2213 633 2260 ligentiffime,
656 2213 783 2247 constat
809 2212 980 2247 manifeste
1010 2213 1292 2259 conquestorem,
1321 2223 1398 2245 cum
1425 2212 1542 2245 omnia
1566 2208 1690 2253 Angliae
1719 2207 1841 2255 praedia

406 2263 479 2306 iure
494 2261 576 2296 belli
598 2261 640 2296 ad
665 2259 696 2295 se
726 2261 896 2307 pertinere
921 2258 1063 2303 diceret,
1089 2260 1197 2304 legem
1214 2259 1378 2302 agrariam
1404 2257 1527 2301 tulisse,
1549 2269 1615 2303 qua
1634 2255 1666 2290 se
1683 2257 1839 2291 omnium

403 2305 635 2344 Poffeffionum
662 2307 845 2344 Dominum
869 2307 1065 2352 declaravit,
1088 2306 1240 2354 adeoque
1256 2306 1370 2342 omnia
1387 2304 1510 2353 praedia
1538 2304 1581 2340 de
1605 2317 1648 2340 eo
1677 2312 1837 2351 tanquam

401 2358 552 2394 Domino
568 2354 776 2392 tenebantur.
1760 2395 1767 2401 .

1589 2414 1627 2441 2.
1658 2399 1835 2438 Servztus
