2059 2812
428 155 529 205 186
821 149 1083 200 Elementa
1104 146 1266 213 Juris
1302 146 1470 199 Civilis

478 264 516 290 2.
546 253 685 304 Qum
703 260 802 302 ergo
822 245 1035 300 Fidejuffio
1054 245 1099 285 fit
1120 245 1350 299 Stipulatio‚
1378 247 1572 301 sequitur,
1600 255 1645 286 ut
1661 248 1729 300 qui
1748 249 1865 303 spon-

421 310 558 351 dendo
582 310 763 363 obligare
780 309 819 349 se
839 321 920 347 non
939 309 1114 360 poffunt,
1143 321 1216 347 nec
1234 307 1377 360 poffint
1393 309 1625 362 fidejubere,
1652 321 1695 350 ut
1713 311 1867 361 furiosi,

421 383 553 412 mente
572 372 693 425 capti,
723 371 894 412 infantes
914 375 949 410 ἃ
970 370 1152 410 infantiae
1171 370 1362 422 proximi,
1389 369 1498 410 surdi
1517 379 1551 413 ὃ(
1569 374 1684 423 muti,
1714 374 1865 428 Pupilli

418 442 452 476 ὅ(
469 437 646 476 minores
662 435 739 475 fine
754 438 955 476 ‘sutorum
974 435 1232 481 auetoritate,
1261 433 1325 474 vel
1338 435 1585 475 Curatorum
1604 438 1807 478 consensu.

479 513 514 546 3.
545 497 889 554 Qandoquidem
916 510 1042 549 porro
1065 495 1277 550 Fidejuffio
1296 497 1351 535 est
1370 498 1598 537 contractus
1617 500 1866 550 accefforius,

417 563 605 603 accedere
626 563 717 603 sane
737 564 866 615 potest
887 562 1072 601 omnibus
1092 559 1412 613 obligationibus
1439 574 1486 599 ex
1506 564 1715 603 contraditi
1734 564 1865 617 quoli-

418 624 502 674 bet,
530 641 606 666 nec
637 640 720 665 non
740 625 1053 679 obligationibus
1072 637 1118 663 ex
1138 623 1303 672 delicto,
1338 623 1365 663 fi
1378 624 1595 677 pecuniaria
1613 639 1748 678 poena,
1777 641 1861 667 non

415 687 440 727 fi
461 690 648 742 corporalis
667 691 885 730 immineat.

468 768 507 802 4.
540 754 621 794 Etfi
648 765 781 794 autem
812 754 863 794 ad
896 755 1088 808 majorem
1109 751 1298 791 summam
1321 751 1534 806 fidejuffor,
1562 765 1680 804 quam
1699 753 1863 794 debitor

410 816 645 870 principalis
665 819 796 857 teneri
816 832 897 857 non
930 815 1060 869 poffit,
1087 829 1169 854 non
1199 824 1330 853 tamen
1359 825 1554 868 repugnat
1584 815 1712 864 istum,
1741 829 1859 868 quam

409 878 518 920 hunc
534 883 681 922 arctius
700 883 829 922 teneri
844 904 856 935 3
887 881 1036 934 quippe
1056 893 1178 933 quum
1199 878 1293 918 huic
1310 878 1397 931 plus
1411 892 1526 931 quam
1545 878 1605 918 illi
1623 879 1717 920 fidei
1735 879 1860 920 filerit

408 943 605 987 habitum.

465 1023 502 1056 5.
534 1011 723 1064 Denique
743 1024 866 1063 quum
891 1008 1118 1064 Fidejuffor
1144 1007 1184 1046 in
1214 1005 1422 1047 subfidium
1453 1015 1653 1055 teneatur,
1681 1005 1862 1060 sequitur

405 1081 451 1112 ut
472 1085 544 1112 reo
563 1074 779 1128 principali
811 1088 894 1114 non
915 1072 1108 1121 solvente,
1136 1070 1379 1125 Fidejuffor,
1407 1069 1537 1124 ejusve
1558 1070 1734 1110 haeredes
1752 1072 1858 1112 obli-

405 1144 551 1188 geritur
567 1147 714 1186 3——ut
746 1137 880 1188 plures
907 1135 1175 1188 Fidejuffores
1207 1143 1419 1172 teneantur
1446 1133 1488 1170 in
1518 1132 1689 1172 solidum
1708 1145 1855 1184 3——ut

405 1192 590 1237 adversus
610 1198 894 1252 Fidejussores,
922 1212 993 1237 reo
1013 1206 1095 1237 non
1115 1195 1292 1237 solvente
1313 1194 1432 1235 detur
1452 1194 1556 1235 Afflio
1575 1210 1621 1234 ex
1637 1196 1826 1251 Stipulatu
1843 1219 1855 1250 ς

403 1269 550 1308 ——ut‚
577 1260 602 1300 fi
622 1261 709 1314 quis
735 1260 785 1300 ad
809 1272 964 1301 certum
991 1271 1149 1313 tempus
1174 1272 1264 1298 cum
1296 1258 1586 1310 protestatione
1605 1257 1855 1313 fidejufferit,

401 1317 511 1371 lapsu
533 1322 725 1376 temporis
744 1323 942 1362 liberetur
954 1332 1025 1377 per
1044 1320 1285 1375 exceptionem
1298 1318 1412 1373 publi,
1441 1318 1505 1359 vel
1524 1319 1612 1359 doli.

457 1392 493 1424 6.
525 1386 639 1426 Olim
658 1386 799 1441 finguli
830 1387 1098 1441 Fidejuffores
1124 1384 1367 1424 tenebantur
1386 1384 1428 1422 in
1449 1382 1634 1432 solidum,
1662 1383 1852 1427 liberum-

397 1460 475 1499 que
494 1459 580 1488 erat
596 1448 807 1497 creditori,
835 1464 856 1488 a
875 1463 956 1502 quo
976 1448 1114 1496 vellet,
1141 1445 1312 1486 solidum
1333 1455 1486 1498 petere,
1515 1448 1848 1498 quemadmodum

397 1516 432 1550 a&
465 1512 508 1550 in
541 1513 624 1565 ejus
640 1511 816 1564 {positum
845 1522 931 1551 erat
962 1511 1151 1557 arbitrio,
1179 1508 1459 1546 debitoremne
1490 1522 1537 1547 an
1566 1509 1848 1563 fidejussorem,

395 1573 529 1626 ejusve
561 1573 736 1614 haeredes
769 1574 986 1613 convenire
1018 1570 1178 1622 mallet3
1226 1569 1294 1608 sed
1327 1569 1393 1608 hic
1423 1571 1571 1610 veteris
1602 1572 1701 1625 juris
1731 1576 1846 1629 rigor

395 1638 529 1688 postea
552 1635 726 1676 sublatus
746 1637 828 1687 est3
873 1636 971 1675 Tria
997 1635 1106 1674 enim
1126 1633 1440 1687 Fidejufforibus
1467 1646 1704 1688 competunt
1723 1641 1848 1681 Bene-

395 1700 498 1747 ficia,
528 1700 738 1752 Dimstonis,
770 1699 934 1750 Ordinis,
962 1705 997 1741 ὃς
1016 1698 1252 1739 cedendas-um
1275 1697 1479 1737 Afflionum.

451 1781 486 1810 7.
518 1765 760 1805 Beneficium
790 1777 1030 1805 D1VI510N15
1062 1762 1225 1816 epistola
1245 1763 1300 1802 D.
1322 1762 1517 1802 Hadriani
1545 1765 1766 1806 conceffum
1799 1767 1843 1808 id

395 1827 575 1882 indulget
596 1829 830 1882 fidejussori,
860 1838 905 1869 ut
935 1829 976 1868 in
995 1827 1168 1867 solidum
1203 1836 1438 1875 conventus,
1467 1827 1581 1880 poffit
1606 1831 1843 1881 exceptione

394 1892 629 1946 interpolit&
658 1894 888 1945 impetrare,
917 1901 963 1931 ut
982 1891 1182 1946 obligatio
1201 1892 1308 1930 inter
1335 1890 1657 1944 confidejuffores
1686 1893 1843 1934 divida-

392 1966 474 2005 tur,
503 1962 537 1998 ὅ(
569 1956 812 1998 creditorem
847 1969 868 1994 a
895 1955 1068 2010 fingulis,
1096 1955 1191 1995 dum
1211 1953 1403 1995 solvendo
1427 1955 1515 2004 sint,
1542 1965 1673 2009 partes
1699 1968 1839 2010 petere

391 2030 594 2074 oporteat.

449 2092 484 2128 8.
516 2086 758 2127 Beneficium
789 2098 967 2125 ORDINIS
999 2083 1126 2137 (quod
1145 2085 1266 2125 etiam
1287 2083 1511 2137 Excuffiom's
1527 2084 1650 2138 vulgo
1676 2091 1835 2141 vocant)

389 2165 411 2191 a
431 2150 633 2204 ‘justiniano
655 2151 863 2190 inventum
891 2148 1109 2202 fidejussori
1133 2164 1154 2190 a
1180 2148 1386 2189 creditore
1415 2159 1617 2188 convento
1636 2148 1835 2203 indulget,

390 2225 433 2256 ut
467 2215 704 2268 exceptione
735 2213 808 2254 hac
840 2211 1038 2266 oppofitfi‚
1072 2226 1156 2252 non
1184 2221 1367 2254 teneatur
1400 2211 1570 2263 solvere,
1606 2213 1834 2267 priusquam

388 2279 564 2320 excussus
578 2278 623 2320 fit
642 2291 731 2320 reus
750 2275 996 2332 principalis.

1517 2400 1554 2435 9.
1585 2385 1823 2427 Beneficium
