2059 2812
453 174 518 231 58
848 166 1110 219 Elementa
1145 166 1291 235 Juris
1327 169 1492 222 Civilis

454 267 600 308 Praeses
626 266 848 308 Provinciae
880 276 1059 307 tutorem
1089 269 1363 309 constituebat.
1418 270 1525 324 Qia
1553 278 1683 309 tamen
1717 281 1789 322 pet·
1821 268 1888 309 has

449 334 577 386 Leges
596 345 676 370 non
692 331 782 371 satis
799 331 1052 384 prospectum
1071 337 1157 372 erat‘
1172 332 1351 385 pupillis,
1378 345 1465 371 cum
1479 335 1653 374 Tutores
1671 333 1813 386 absque
1829 334 1887 372 in-

449 393 660 447 quifitione
675 393 881 443 darentur,
900 408 1029 448 neque
1043 394 1128 437 dati
1148 395 1484 448 compellerentur
1498 395 1691 449 suscipere
1706 396 1888 443 tutelam,

449 457 585 509 postea
606 457 799 498 Consules
817 460 992 499 Tutores
1012 471 1058 498 ex
1086 458 1338 512 inquisitione
1358 458 1452 497 dare
1473 470 1710 512 coeperunt;
1740 459 1886 500 deinde

451 523 645 561 Praetores
662 535 711 560 ex
724 521 1101 572 constitutionibus,
1129 522 1271 575 quibus
1290 521 1518 562 introducta
1539 521 1619 561 fuit
1631 523 1778 563 Cautio
1796 537 1884 564 REM

439 598 615 625 'PVPILLI
646 600 814 626 SALVAM
845 599 958 626 FoRE
982 586 1175 641 exigenda
1199 600 1221 625 a
1244 587 1477 635 Tutoribus‚
1506 593 1540 628 ὅ(
1560 587 1610 627 de
1638 588 1686 626 iis
1713 588 1885 641 compel-

449 647 577 689 lendis
595 649 644 689 ad
659 650 815 690 Tutelae
835 649 1231 691 administrationem.
1290 652 1490 703 Tempore
1514 650 1660 690 deinde
1685 650 1885 703 Justmiani

450 713 593 753 Romae
623 713 836 755 Praefectus
859 714 983 763 Urbi,
1012 715 1076 756 vel
1105 718 1286 765 Praetor3
1316 715 1356 754 in
1378 714 1599 755 Provinciis
1622 725 1752 755 autem
1779 708 1882 756 Prae-

496 822 609 858 Postea
624 821 806 870 Consules]
849 823 901 859 Ad
919 824 1047 868 Trajam'
1075 821 1177 869 usquc
1195 833 1346 869 tempora
1365 825 1512 858 Tutores
1530 836 1548 857 a
1565 821 1762 858 Consulibus
1783 823 1881 858 datos

444 868 597 912 legirnus.
652 870 749 917 Apud
769 872 856 905 Plin.
878 872 978 918 Epist.
999 884 1055 906 1x.
1076 882 1127 916 13.
1182 872 1325 905 Comzutm
1343 870 1428 904 dicit
1447 871 1481 916 se
1500 884 1519 904 a
1542 873 1605 905 CO
1618 871 1881 908 NSVLIBVS

445 916 586 951 Tutorem
605 918 658 961 effe
674 920 780 953 datum
798 920 941 954 Helvidii
948 919 1020 964 filiae
1036 918 1209 964 petentibus
1222 918 1335 952 Μαῑνε
1351 919 1409 959 ejus
1423 917 1460 952 θ’
1474 919 1593 953 Vitrico.

490 979 626 1014 Deinde
651 981 815 1015 Praetores
834 992 875 1014 ex
893 978 1206 1026 constitutionibus]
1240 981 1325 1014 Cum
1344 978 1539 1014 Consulares
1564 979 1697 1012 Tutelae
1723 979 1878 1027 displice-

442 1036 531 1068 rent,
553 1027 606 1073 jus
622 1026 725 1061 dandi
742 1030 891 1062 Tutores
909 1025 1109 1062 Praetoribus
1132 1027 1370 1061 constitutione
1385 1026 1526 1060 restituit
1541 1026 1774 1062 NLAntoninus
1789 1031 1874 1076 Imp.

441 1074 487 1107 ita
505 1083 619 1107 tamen
640 1083 677 1109 ut
695 1074 893 1118 singularem
911 1072 1036 1108 faceret
1052 1074 1246 1116 Praetorem,
1272 1084 1372 1119 quem
1388 1071 1430 1106 ab
1445 1073 1572 1107 Officio
1592 1085 1810 1109 TVTELAREM
1825 1078 1876 1112 vel

441 1132 676 1156 PVPILLAREM
693 1120 917 1169 adpellabant.
970 1123 1053 1154 Haec
1071 1121 1218 1154 Praetura
1235 1119 1314 1154 satis
1333 1119 1392 1154 diu
1413 1121 1534 1154 Romae
1550 1118 1677 1154 mansit.
1726 1124 1848 1158 -Amct
1860 1135 1873 1158 t

441 1179 629 1202 Avcfflmn
649 1180 749 1204 BAssx
768 1179 956 1207 PRAETORIS
972 1178 1174 1202 TVTELARIS
1196 1168 1327 1200 mentio
1341 1166 1380 1200 fit
1397 1168 1432 1200 in
1446 1178 1616 1200 marmore
1632 1166 1725 1212 apud
1740 1170 1874 1205 Reines.

437 1212 594 1260 Inscript.
606 1225 660 1249 vt.
684 1226 718 1260 4.

488 1273 666 1310 Praefefws
682 1274 773 1310 Urbi
787 1274 802 1322 ]
846 1271 1024 1311 Ρτεεῑεᾶιιε
1038 1273 1125 1310 Urbi
1142 1270 1277 1309 diversis
1292 1273 1496 1320 temporibus
1517 1272 1636 1309 diverfi
1653 1277 1783 1319 generis
1796 1276 1875 1322 fuit,

437 1325 473 1357 &
496 1322 606 1369 primo
626 1321 668 1356 ab
690 1321 762 1369 ipso
778 1321 929 1356 Romulo
947 1322 1127 1356 institutus.
1180 1320 1333 1366 Augustus
1356 1322 1543 1368 Imperator
1561 1320 1757 1358 Praefectum
1785 1325 1872 1360 Urbi

434 1369 595 1411 instituit,
620 1369 713 1415 cujus
731 1368 872 1416 potestas
886 1366 1069 1411 ordinaria,
1095 1367 1265 1410 continua,
1287 1367 1320 1402 &
1332 1378 1391 1415 per
1404 1367 1515 1414 plures
1533 1367 1616 1415 saepe
1631 1381 1735 1404 annos
1752 1382 1871 1417 proro-

433 1424 511 1458 gata
532 1415 610 1458 fuit,
636 1415 730 1460 cujus
747 1417 796 1450 rei
814 1414 1006 1462 exemplum
1025 1415 1070 1448 est
1085 1415 1120 1448 in
1137 1413 1256 1450 Pisone
1270 1413 1359 1460 apud
1374 1416 1535 1450 Tacitum
1549 1415 1730 1452 Annal.v1.
1748 1430 1819 1466 cap.
1835 1432 1868 1455 2.

435 1461 493 1496 ubi
510 1461 647 1506 egregie
661 1461 703 1496 de
720 1462 781 1496 hac
799 1461 995 1508 praestitura
1011 1461 1324 1508 loquitur.-—Per
1340 1462 1419 1496 idem
1438 1472 1552 1507 tempus
1567 1465 1607 1498 L.
1627 1464 1692 1508 Pifir
1714 1466 1870 1510 Pontifex,

433 1520 536 1544 rarum
552 1511 582 1543 in
598 1519 685 1544 tanta
703 1511 892 1552 claritudine,
913 1510 984 1555 fato
1000 1510 1072 1543 obiit
1082 1525 1093 1550 ς
1128 1510 1236 1543 nullius
1255 1509 1374 1554 servilis
1393 1509 1547 1554 sententie
1560 1510 1664 1555 sponte
1681 1515 1796 1555 atteror,
1829 1513 1866 1548 (ῥ’

431 1558 568 1601 quotiens
585 1559 732 1602 necessitas
758 1559 922 1602 ingrueret,
938 1557 1093 1602 sapienter
1109 1557 1274 1591 moderans.
1327 1557 1451 1591 Patrem
1468 1558 1496 1590 ei
1513 1557 1674 1602 cenfhrium
1694 1558 1784 1604 fuiffe
1803 1572 1867 1595 me-

431 1606 544 1638 moravi
558 1618 568 1638 .-
606 1614 677 1638 aetas
693 1605 733 1638 ad
753 1605 954 1651 ot'iogefimum
971 1616 1082 1638 annum
1096 1603 1252 1648 proceffit:
1278 1604 1383 1638 Decus
1401 1605 1581 1648 triumphale
1599 1606 1631 1638 in
1651 1606 1785 1641 Thracia
1803 1619 1869 1641 me-

430 1660 547 1693 ruerat,
565 1650 621 1697 sed
642 1652 787 1696 precipua
805 1665 843 1686 ex
860 1665 891 1686 eo
909 1654 1022 1696 gloria,
1049 1651 1125 1696 quod
1146 1652 1252 1686 PRAE
1261 1653 1285 1686 F
1289 1653 1318 1685 E
1329 1653 1359 1686 C
1365 1651 1430 1686 TV
1434 1654 1460 1685 S
1482 1651 1511 1685 V
1513 1652 1607 1686 RBI
1634 1663 1748 1695 recens,
1771 1657 1868 1688 conti-

430 1708 523 1732 nuam
545 1698 732 1743 potestatem,
759 1697 797 1732 θ’
824 1696 981 1744 infitlentiti'
1009 1699 1137 1742 parendi
1160 1699 1345 1742 graviorem,
1379 1695 1453 1732 mire
1484 1699 1675 1743 temperarit.
1725 1702 1867 1746 Namque

429 1753 521 1779 antea
532 1744 669 1789 profestis
686 1746 768 1779 domo
784 1747 914 1790 regibus,
940 1757 978 1779 ac
995 1757 1062 1780 mox
1083 1745 1316 1791 magistratibus,
1342 1757 1378 1779 ne
1394 1746 1461 1780 urbs
1475 1746 1537 1792 fine
1558 1747 1679 1790 imperio
1690 1745 1796 1791 foret3
1836 1750 1867 1783 in

427 1799 543 1837 tempus
559 1793 757 1837 deligebatur,
785 1795 837 1837 qui
849 1796 901 1834 jus
917 1792 1068 1834 redderet,
1095 1804 1132 1825 ac
1149 1792 1256 1836 subitis
1281 1793 1475 1834 medentum
1505 1791 1669 1837 feruntque
1686 1794 1724 1827 ab
1745 1795 1867 1829 Romulo

428 1839 580 1874 Dentrem
594 1841 769 1881 Romulum,
789 1839 850 1885 post
867 1840 904 1874 ab
917 1839 1005 1874 Tullo
1025 1838 1153 1884 Hostilio
1167 1841 1299 1874 Numam
1314 1840 1484 1881 Marcium,
1512 1839 1549 1874 (θ’
1573 1842 1610 1873 ab
1633 1840 1795 1886 Tarquinio
1809 1845 1867 1876 Su-

421 1887 510 1929 perbo
532 1888 672 1931 Spurium
693 1888 871 1921 Lucretium
893 1886 1042 1933 impofitos.
1094 1888 1178 1920 Dein
1196 1886 1334 1932 Consules
1352 1887 1548 1921 mandabant,
1573 1888 1721 1932 duratque
1740 1888 1866 1931 fimula-

427 1943 523 1974 crum,
549 1935 685 1977 quotiens
702 1934 735 1967 ob
755 1935 854 1968 Ferias
876 1935 1013 1968 Latinas
1030 1933 1198 1977 preficitur,
1224 1935 1275 1979 qui
1291 1933 1441 1978 consulare
1460 1945 1566 1968 munus
1591 1933 1716 1977 usurpet.
1770 1937 1864 1969 Cate-

426 1989 491 2013 rum
505 1979 656 2025 Augustus
673 1981 749 2013 bellis
773 1980 909 2015 civilibus
923 1981 1058 2014 Cilnium
1071 1980 1273 2016 Maecenatem
1296 1979 1434 2025 equestris
1450 1981 1562 2015 ordinis
1581 1982 1691 2014 cum‘iis
1707 1982 1786 2024 apud
1798 1982 1861 2016 Ro-

428 2037 510 2062 mam
528 2036 621 2072 atque
638 2028 766 2061 Italiam
784 2025 947 2071 preposuit.
1000 2026 1085 2060 Mox
1110 2039 1206 2061 rerum
1230 2028 1345 2072 potitus
1368 2028 1400 2060 ob
1428 2027 1665 2071 magnitudinem
1689 2030 1801 2072 populi,
1829 2042 1866 2063 ac

425 2073 516 2107 tarda
533 2075 635 2118 legum
654 2075 784 2115 auxilia,
802 2072 924 2120 sumpsit
941 2086 958 2107 e
969 2073 1192 2119 Consularihus,
1217 2077 1268 2119 qui
1283 2083 1429 2108 coerceret
1436 2073 1578 2119 servitia,
1606 2071 1643 2107 ὠ
1657 2076 1733 2118 quod
1745 2076 1854 2111 civium

425 2119 560 2155 audacia
578 2121 742 2164 turbidum,
762 2120 815 2164 nifi
831 2122 891 2155 vim
906 2130 1036 2156 metuat.
1089 2121 1266 2166 Primusque
1279 2120 1426 2165 Meffalla
1438 2121 1580 2156 Corvinus
1597 2132 1664 2155 eam
1673 2120 1859 2167 potestatem,

426 2165 584 2212 &paucos
600 2170 681 2201 intra
696 2168 758 2201 dies
765 2168 859 2212 finem
873 2169 1000 2211 accepit,
1025 2168 1105 2212 quafi
1124 2167 1239 2212 nescius
1257 2169 1424 2202 exercendi.
1481 2168 1557 2202 Tum
1572 2167 1692 2202 Taurus
1704 2171 1865 2213 Statilius,

424 2225 599 2258 quanquam
616 2217 754 2258 provebit:
773 2222 873 2256 etate,
890 2211 1008 2259 egregii
1025 2215 1176 2248 toleravit.
1230 2215 1313 2247 Dein
1339 2214 1403 2257 Pifia
1432 2216 1540 2259 viginti
1558 2224 1613 2259 per
1630 2227 1721 2249 annos
1744 2219 1860 2260 pariter

418 2261 574 2304 probatus,
592 2262 707 2306 publico
716 2260 827 2305 funere
844 2274 882 2295 ex
896 2262 1012 2295 decreto
1029 2264 1159 2295 Senatus
1178 2262 1343 2294 celebratus
1359 2261 1625 2307 est.—-Munus
1642 2261 1712 2307 ejus
1727 2273 1796 2297 erat
1807 2264 1862 2310 jus

422 2307 551 2351 dicere,
576 2306 755 2354 praesertim
773 2308 862 2341 inter
879 2308 1047 2342 Dominos
1070 2310 1106 2342 &
1132 2307 1262 2352 Servos,
1285 2307 1426 2342 libertos
1444 2312 1480 2343 &
1505 2309 1696 2350 Patron053
1734 2308 1779 2344 de
1795 2311 1862 2344 cri-

423 2353 570 2390 minibus
587 2356 761 2391 ‘tutorum
788 2358 824 2391 δε
839 2355 1037 2391 Curatorum
1051 2353 1264 2398 cognoscere,
1290 2354 1593 2391 nummulariorum
1616 2355 1750 2391 fraudes
1767 2368 1862 2390 coer-

1781 2416 1857 2439 cere
