2059 2812
621 165 731 218 Lib.
766 165 857 220 IV.
930 165 1025 217 Tit.
1066 163 1211 218 XIV.
1535 183 1632 232 271

201 270 431 311 mittuntur.
488 269 639 309 Verum
673 266 713 306 in
744 265 899 320 judiciis
924 266 1023 306 bene
1053 265 1279 305 constitutis
1312 264 1353 304 id
1379 279 1459 305 non
1488 271 1640 308 temere

200 333 465 388 permittitur,
494 331 561 372 sed
589 342 720 386 partes
738 342 938 385 coguntur
956 332 995 370 in
1019 331 1252 385 replicatione
1270 336 1304 371 ὃ(
1324 330 1565 384 duplicatione
1592 333 1641 372 ad

200 395 434 435 sententiam
467 395 696 446 concludere3
740 400 774 436 ὅ(
794 394 835 432 ni
856 393 897 434 id
925 394 1087 442 faciant,
1117 392 1245 448 Judex
1267 392 1417 432 causam
1438 408 1485 433 ex
1505 393 1640 435 officio

200 472 276 513 pro
298 460 458 514 conclusa
478 461 610 501 habet.
667 461 867 500 Caeterum
887 471 959 498 reo
977 458 1159 498 ultimam
1181 457 1464 510 allegationem
1484 473 1643 512 compe-

200 535 301 570 tere,
329 530 362 566 ὅ(
383 526 489 565 ratio
507 525 619 579 juris,
646 529 681 565 ὅ(
699 523 786 564 usus
809 521 890 563 fori
911 522 1070 576 probat.

725 635 770 683 T
810 650 829 683 1
869 651 918 683 T.
995 633 1109 682 XV.

711 731 792 781 De
828 731 1125 783 Interdichs.

260 849 294 874 1.
325 832 528 885 Sequitur,
548 841 593 870 ut
612 829 864 883 dispiciamus
879 830 928 870 de
944 829 1168 878 Interdiflis,
1188 829 1254 869 seu
1272 829 1528 878 Affimfibus,
1556 844 1644 883 quae

199 908 274 948 pro
292 895 351 934 his
371 904 618 934 exercentur.
675 896 802 933 Erant
817 903 949 932 autem
966 905 1240 933 INTERDICTA
1254 892 1395 933 formae
1414 903 1532 946 atque
1548 908 1644 934 con-

199 959 404 1011 ceptiones
418 957 648 1006 verborum,
666 958 810 1009 quibus
827 961 980 999 Praetor
998 968 1064 997 aut
1082 957 1245 1011 jubebat
1267 956 1424 1009 ahquid
1441 958 1545 1007 fieri,
1574 969 1644 999 aut

197 1021 284 1060 fieri
313 1019 565 1073 prohibebat,
595 1020 704 1072 quod
728 1031 820 1059 tunc
846 1021 1017 1060 maxime
1040 1020 1173 1067 fiebat,
1204 1033 1291 1059 cum
1320 1019 1369 1058 de
1399 1021 1643 1072 poffeffione,

198 1093 267 1123 aut
294 1083 396 1137 quast
413 1082 610 1137 poffiffione
632 1084 737 1122 inter
759 1083 912 1136 aliquos
941 1082 1273 1124 contendebatur.
1333 1084 1416 1122 Rcs
1446 1085 1552 1123 enim
1584 1084 1644 1123 in-

197 1147 441 1201 corporaler„
459 1158 556 1199 puta
570 1146 813 1186 ususfructus
827 1153 860 1188 ὃ(
877 1147 1090 1186 Servitutes
1106 1145 1374 1201 qnastpoffideri
1392 1145 1640 1187 dicebantur.

256 1226 294 1252 2.
326 1214 485 1251 Summa
517 1221 651 1250 autem
684 1209 826 1249 divifio
854 1209 1169 1249 Interdiecorum
1198 1210 1284 1249 haec
1318 1210 1395 1257 est,
1438 1209 1547 1261 quod
1574 1220 1643 1250 aut

200 1265 479 1315 Prohibitoria
509 1274 613 1325 sunt,
641 1284 708 1314 aut
733 1274 1016 1321 Restitutoria,
1045 1286 1113 1314 aut
1147 1273 1640 1313 Exhibitoria.—Prohi-

200 1336 334 1376 bitoria
362 1336 451 1376 sunt
483 1337 625 1390 quibus
653 1340 807 1377 Praetor
841 1347 948 1378 vetat
977 1336 1131 1390 aliquid
1159 1336 1274 1387 fieri;
1305 1335 1432 1376 veluti
1461 1334 1542 1375 vim
1565 1335 1643 1376 fine

198 1399 303 1441 vitio
336 1398 560 1453 poffidenti,
587 1399 651 1440 vel
681 1410 884 1440 mortuum
918 1398 1123 1449 inferenti,
1158 1412 1239 1450 quo
1269 1398 1307 1438 ei
1335 1398 1396 1452 jus
1418 1408 1506 1437 erat
1538 1398 1644 1439 infe-

200 1462 342 1515 rendi,·
373 1463 437 1504 vel
457 1463 499 1503 in
519 1463 631 1503 sacro
651 1463 743 1503 loco
760 1463 963 1512 aedificari,
992 1463 1056 1503 vel
1076 1465 1115 1503 in
1130 1462 1291 1501 flumine
1308 1461 1487 1513 publico,
1505 1463 1642 1516 ripave

199 1526 282 1580 ejus
305 1526 456 1579 aliquid
475 1526 578 1575 fieri,
607 1539 688 1577 quo
709 1526 818 1578 pejus
839 1526 1063 1581 navigetur.
1078 1552 1137 1556 --
1154 1524 1395 1577 Restitutoria
1421 1523 1525 1572 sunt,
1554 1526 1642 1577 qui.

199 1588 269 1627 bus
295 1588 450 1628 restitui
478 1585 634 1639 aliquid
662 1586 797 1640 jubet:
829 1588 956 1627 veluti
984 1588 1183 1626 bonorum
1211 1585 1419 1637 poffessori
1447 1586 1644 1637 possessio-

199 1663 289 1689 nem
322 1644 476 1697 eorum,
505 1663 590 1702 quae
625 1649 713 1701 quis
733 1662 810 1701 pro
837 1647 1010 1695 haerede,
1045 1657 1110 1686 aut
1136 1660 1212 1699 pro
1239 1646 1452 1700 poffeffore
1476 1648 1643 1700 poffidet

199 1729 248 1754 ex
275 1727 320 1753 ea
349 1713 598 1760 haereditate,
637 1722 705 1752 aut
734 1727 820 1753 cum
845 1712 957 1766 jubet
983 1712 1036 1759 ei,
1071 1713 1139 1764 qui
1171 1712 1212 1750 vi
1236 1710 1286 1750 de
1314 1710 1544 1764 poffeffione
1576 1712 1644 1753 de-

200 1778 322 1832 jectus
336 1777 396 1826 fit,
413 1778 564 1817 restitui
580 1775 1188 1829 poffeffionem.-—Exhzbitoria
1203 1774 1308 1823 sunt,
1337 1788 1409 1828 per
1424 1789 1514 1827 quae
1531 1777 1644 1830 jubet

201 1840 409 1891 exhiberi3
439 1839 568 1880 veluti
596 1853 700 1888 eum,
729 1841 838 1893 cujus
865 1838 914 1878 de
947 1838 1133 1878 libertate
1167 1839 1316 1891 agitur,
1344 1849 1411 1878 aut
1438 1838 1644 1890 libertum,

201 1904 266 1945 cui
295 1907 492 1944 Patronus
521 1917 660 1957 operas
688 1903 863 1944 indicere
885 1903 983 1942 velit
1006 1923 1017 1953 ‚-
1048 1912 1115 1942 aut
1133 1903 1296 1943 Parenti
1318 1901 1485 1952 liberos,
1513 1904 1580 1956 qui
1600 1904 1643 1943 in

202 1966 396 2019 potestate
417 1965 498 2018 ejus
514 1964 604 2004 sunt
620 1984 630 2016 3
662 1975 729 2004 aut
746 1964 897 2004 tabulas
914 1963 1146 2003 testamenti.

262 2045 296 2078 3.
325 2031 466 2084 Qum
486 2041 583 2069 vero
603 2027 732 2066 omnis
760 2026 808 2066 de
836 2025 1065 2079 posseffione
1085 2026 1143 2065 rei
1163 2025 1329 2078 privatae
1358 2026 1568 2066 contentio
1591 2041 1642 2067 eo

204 2091 369 2144 speeiem,
396 2101 440 2130 ut
465 2101 531 2131 aut
560 2089 832 2143 poffeffionem
859 2088 1136 2141 adipiscamur,
1165 2099 1235 2128 aut
1260 2087 1442 2141 adeptam
1474 2091 1643 2131 retinea-

203 2167 304 2203 mus,
331 2164 399 2194 aut
422 2154 596 2195 amiffiun
618 2165 908 2206 recuperemus,
938 2152 1118 2204 quaedam
1138 2151 1358 2192 InterdiCta
1377 2150 1641 2204 adipiscendae

251 2261 417 2307 Qaedam
436 2262 620 2297 InterdiCta
639 2261 874 2309 adipiscendae]
912 2260 988 2297 Aus.
1007 2260 1056 2295 Id.
1076 2263 1113 2295 ll.

539 2310 762 2344 Interdic‘Zorum
786 2312 895 2345 trinum
912 2321 1028 2355 genus:
1056 2310 1203 2344 VNDE
1228 2308 1359 2354 repulsus

538 2358 581 2392 ΓΙ
597 2355 698 2402 suero,
723 2367 777 2392 aut
793 2359 822 2394 V
824 2359 855 2393 T
853 2358 955 2395 RVBI
971 2356 1082 2401 fuerit,
1109 2356 1367 2408 QORVMVE
1391 2353 1639 2390 BONORVM.

1397 2405 1642 2463 poss'effionis
