2059 2812
438 161 534 210 128
828 155 1084 205 Elementa
1120 152 1266 219 Juris
1301 154 1468 206 Civilis

489 271 526 303 5.
549 255 707 295 Irritum
725 253 770 293 fit
783 253 1093 300 Testamentum,
1111 250 1138 291 fi
1153 253 1271 293 status
1288 255 1485 294 testatoris
1504 262 1707 305 mutetur3
1739 253 1781 294 id
1795 255 1864 304 est,

430 316 456 357 fi
481 318 513 358 is
535 317 598 357 vel
624 316 844 365 maximam,
873 315 938 356 vel
954 313 1142 362 mediam,
1171 314 1234 354 vel
1253 313 1455 356 minimam
1473 317 1615 370 capitis
1634 315 1871 356 diminutio-

429 395 519 420 nem
546 381 712 433 patitur.
770 383 909 436 Qum
927 378 1034 418 enim
1060 391 1134 430 per
1159 376 1300 430 capitis
1325 376 1633 419 diminutionem
1659 378 1868 419 maximam

428 443 496 483 fiat
514 443 674 496 servus;
703 457 776 497 per
807 442 979 483 mediam
1002 439 1246 495 peregrinuS‚
1273 452 1346 492 per
1363 441 1564 480 minimam
1584 440 1870 488 filiusfamilias,

428 513 462 549 ὃ(
476 521 548 548 nec
568 508 718 557 servus,
746 521 819 547 nec
833 506 1086 560 Peregrinus,
1116 517 1188 545 nec
1201 503 1471 544 filiusfamilias
1486 505 1755 545 testamentum
1772 517 1868 544 con-

428 569 525 610 dere
543 571 671 623 poffit‚
700 569 818 611 facile
833 578 944 623 patet
963 570 1238 609 testamentum
1255 569 1311 607 ita
1330 566 1506 608 incidere
1527 567 1566 607 in
1580 566 1724 618 casum,
1750 580 1773 607 a
1785 579 1867 619 quo

427 633 604 686 incipere
618 646 700 674 non
717 632 846 687 poffit.

919 743 964 791 T
1000 757 1022 791 1
1062 758 1111 791 T.
1186 740 1384 790 XVIII.

776 839 856 889 De
892 838 1152 908 Inofficioso
1190 837 1516 905 Testamenta

484 954 520 979 1.
552 938 779 980 Liberrima
807 938 908 979 olim
935 948 1021 979 erat
1051 935 1474 978 Patribusfiuniliarum
1501 935 1667 977 testandi
1693 935 1867 978 exhaere-

424 999 621 1054 dandique
636 1001 814 1041 facultas,
872 1003 1014 1056 Qum
1035 1013 1134 1039 vero
1153 998 1201 1038 e&
1218 999 1478 1038 abuterentur
1497 997 1678 1038 homines
1697 999 1868 1039 maxime

425 1062 630 1104 blanditiis
648 1061 927 1104 novercalibus
950 1062 1127 1111 deliniti,
1156 1060 1290 1101 senfim
1314 1059 1508 1114 ejusmodi
1537 1061 1767 1102 testamenta
1793 1060 1866 1100 im-

422 1127 590 1179 pugnari
605 1135 820 1180 coeperunt
840 1126 987 1179 querela
1003 1125 1186 1177 inofficicfi.

476 1203 514 1229 2.
547 1192 688 1243 Qum
712 1189 818 1228 enim
841 1188 983 1242 injuste
1004 1186 1277 1235 exhaeredatis‚
1306 1199 1377 1226 nec
1393 1190 1491 1234 Lex,
1520 1199 1590 1226 nec
1604 1189 1759 1226 Praetor
1782 1184 1865 1226 suc-

421 1262 616 1301 curreret,
644 1251 789 1293 callide
806 1250 1074 1304 jurisconsulti
1095 1251 1155 1291 uti
1175 1264 1245 1290 eos
1262 1249 1449 1303 jubebant
1469 1247 1610 1290 colore
1628 1249 1793 1298 furoris,
1819 1263 1864 1290 ac

419 1315 447 1356 fi
465 1326 580 1369 pater
606 1317 774 1370 integrae
802 1315 945 1355 mentis
973 1329 1056 1355 non
1080 1314 1231 1363 fuiffet,
1259 1314 1331 1367 qui
1357 1323 1437 1354 tam
1461 1312 1634 1367 maligne
1658 1312 1863 1368 judicasset

421 1379 471 1419 de
491 1380 676 1435 sanguine
699 1379 782 1420 suo.

756 1489 846 1532 Regis
865 1488 905 1521 ad
927 1491 1096 1532 exemplum
1108 1503 1118 1522 .-
1144 1500 1197 1522 nec
1208 1487 1251 1533 fic
1269 1487 1411 1532 inflectere
1421 1486 1527 1532 sensus

757 1536 918 1570 Humanos
938 1535 1048 1571 Ediffa
1067 1537 1181 1577 valent,
1207 1544 1242 1569 ut
1257 1535 1320 1569 vita
1338 1535 1480 1578 regentis.

519 1634 681 1702 JUS
715 1633 966 1686 ANGL
985 1633 1364 1686 [CANUM.
1397 1635 1456 1685 ad
1478 1635 1575 1684 Tit.
1592 1634 1760 1685 xvn.

467 1734 678 1770 Testamenta
707 1733 749 1770 ab
777 1734 878 1768 initio
901 1733 985 1781 juste
1010 1747 1076 1769 non
1103 1734 1191 1769 fiunt
1220 1732 1261 1768 ab
1290 1734 1331 1767 iis
1359 1732 1481 1780 quibus
1501 1747 1566 1768 non
1597 1733 1643 1768 est
1665 1731 1858 1781 permissum

419 1781 528 1816 facere
557 1783 812 1817 testamentum:
851 1782 875 1814 ii
905 1782 964 1828 qui
994 1781 1082 1824 sunt,
1123 1780 1218 1829 supra
1246 1780 1404 1815 diximus.
1458 1781 1635 1814 posteriori
1663 1780 1860 1814 testamento

420 1840 556 1876 quoque
582 1838 808 1876 rumpuntur;
845 1827 895 1862 vel
921 1829 1022 1863 etiam
1043 1829 1188 1863 maxim&
1215 1829 1335 1873 capitis
1365 1827 1593 1862 diminutione
1620 1827 1859 1861 infirmantur:

419 1885 541 1923 utpote
561 1875 582 1910 fi
603 1878 677 1923 quis
696 1875 766 1922 post
786 1874 1019 1910 testamentum
1035 1875 1214 1910 conditum
1235 1873 1314 1909 laesae
1339 1875 1526 1920 majestatis,
1551 1884 1608 1908 aut
1626 1873 1759 1908 feioniae
1777 1885 1859 1907 con-

417 1921 621 1964 demnetur;
650 1932 708 1956 aut
727 1922 748 1956 fi
768 1922 906 1956 testator
924 1924 1156 1957 testamentum
1174 1932 1320 1965 revocet,
1345 1932 1400 1955 aut
1416 1931 1609 1963 executore,
1630 1932 1732 1967 quem
1750 1921 1859 1955 norni-

419 1970 522 2012 navit,
548 1968 756 2004 destituatur.

466 2016 531 2051 Sed
560 2029 719 2064 ponamus
740 2017 857 2051 Titium
884 2015 952 2050 duo
969 2015 1084 2052 feciffe
1110 2018 1320 2059 testamenta,
1345 2029 1447 2050 unum
1469 2027 1556 2049 anno
1577 2013 1684 2056 sexto,
1712 2013 1855 2048 alterum

417 2066 537 2099 ecstavo
555 2065 682 2109 Georgii
696 2064 842 2098 Secundi:
871 2063 1008 2098 tandem
1027 2077 1101 2098 eum
1124 2067 1191 2099 acri
1217 2063 1335 2098 morbo
1353 2075 1447 2097 corre
1474 2072 1543 2096 tum
1563 2062 1638 2104 effe,
1665 2063 1710 2094 ita
1729 2071 1764 2094 ut
1786 2060 1856 2094 clo-

418 2112 563 2158 quinon
581 2111 694 2157 poffit:
733 2110 895 2145 accedere
914 2122 1024 2146 autem
1044 2112 1085 2146 ad
1107 2124 1182 2146 enm
1210 2113 1412 2155 Sempronium
1451 2109 1633 2143 amiliarem
1663 2108 1767 2150 suum,
1795 2109 1856 2154 qui

417 2157 467 2193 illi
483 2168 664 2204 utrumque
682 2158 911 2192 testamentum
932 2160 963 2191 in
981 2172 1115 2192 manum
1132 2159 1212 2198 dat;
1241 2158 1401 2201 iubetque
1421 2167 1456 2190 ut
1473 2155 1555 2190 illud
1576 2155 1734 2196 retradat,
1761 2154 1857 2201 quod

417 2217 480 2252 pro
506 2205 658 2253 supremo
685 2204 817 2251 judicio
841 2203 900 2238 suo
931 2205 1044 2239 haberi
1076 2205 1167 2238 vult:
1207 2205 1328 2238 Titium
1345 2213 1458 2237 autern
1483 2202 1654 2237 retradere
1682 2203 1858 2235 testamen-

416 2264 491 2287 tum
517 2264 605 2287 anno
623 2251 717 2287 sexto
748 2250 941 2288 conditum.
994 2255 1070 2286 Hoc
1101 2250 1174 2286 casu
1191 2251 1447 2286 Testamentum
1475 2249 1675 2284 ren-aditum
1696 2248 1856 2295 posterius

418 2300 493 2334 crit.

1677 2398 1693 2431 3
1704 2413 1711 2420 .
1743 2383 1858 2423 Hanc
