2059 2812
417 154 488 209 ‚82
813 149 1073 199 Elementa
1109 146 1254 212 Jurbs
1289 148 1455 200 Civilis

417 260 519 298 mus,
544 247 612 288 sed
639 247 816 300 post-pro
843 245 1013 286 denudes
1041 245 1238 287 habemus,
1286 249 1391 301 'Qo
1408 248 1530 288 etiam
1554 248 1732 301 pertinet
1760 248 1850 289 The-

411 313 558 366 saurus,
594 311 659 351 seu
678 309 846 364 pecunia
864 309 972 362 cujus
991 310 1191 349 Dominus
1223 310 1445 364 ignoratur,
1471 313 1538 364 qui
1567 312 1772 354 inventori
1784 328 1851 356 ce-

410 375 495 423 rdit,
522 374 591 413 ubi
609 387 682 426 per
698 373 805 426 leges
821 371 957 412 civiles
971 372 1092 412 aliter
1110 384 1192 411 non
1220 373 1274 412 est
1300 370 1542 424 dispositum.
1599 374 1637 414 Si
1655 389 1753 415 vero
1779 375 1851 415 ali-

416 437 514 490 quid
533 437 597 476 vel
615 436 716 477 lucri
734 435 858 483 causa,
886 433 951 474 vel
969 444 1108 484 metus,
1137 433 1201 474 vel
1220 433 1406 475 custodiae
1430 432 1499 473 sub
1516 443 1626 482 terra
1644 437 1852 489 condatur,

417 514 500 540 non
522 501 577 541 est
595 498 834 547 Thesaurus,
862 498 972 550 cujus
989 497 1110 537 etiam
1127 496 1281 537 furtum
1299 498 1357 538 fit.
1416 497 1553 537 Rebus
1573 498 1679 540 hisce
1696 514 1782 554 quae
1802 515 1849 541 ex

416 565 677 617 occupatione
697 565 740 603 in
758 563 1048 616 proprietatem
1064 562 1228 603 veniunt
1239 562 1703 618 RomaniJurisconsulti
1720 579 1766 604 ea
1783 565 1850 604 ad-

415 625 529 675 dunt,
556 642 644 680 quae.
662 643 708 667 ex
727 627 903 667 hostibus
922 627 1108 678 capimus
1165 631 1260 668 Haec
1285 627 1392 667 enim
1408 627 1495 680 jure
1511 628 1704 668 Gentium
1720 630 1848 670 statim

413 691 548 731 nostra
560 692 672 739 fiunt,
692 691 766 731 five
779 690 942 732 mobilia
961 691 1065 738 sunt,
1082 689 1156 731 sive
1177 689 1410 738 immobilia,
1426 689 1504 731 five
1522 690 1749 742 inanimata,
1774 693 1850 734 five

415 753 585 793 animata
592 774 605 805 3
634 753 737 793 adeo
754 763 801 793 ut
820 752 942 792 liberi
961 752 1143 792 homines
1161 753 1268 806 capti
1287 753 1327 792 in
1349 751 1584 793 servitutem
1601 753 1850 810 redigantur,

413 820 449 857 ὅ(
470 818 613 858 cedant
635 817 898 871 capientibus.
956 819 1039 857 Res
1067 816 1235 856 mobiles
1258 829 1356 857 vero
1383 816 1581 858 interdum
1599 818 1761 859 servatae
1781 820 1851 860 Vi-

414 880 536 930 nori,
562 882 725 935 ejusque
751 879 923 920 arbitrio
941 879 1162 932 permiffae3
1194 878 1394 918 interdum
1418 879 1458 918 in
1481 880 1665 920 aerarium
1684 881 1849 933 relatae;

412 944 617 984 interdum
642 946 692 984 ab
718 944 1032 998 {inperatoribus
1061 945 1167 983 inter
1194 944 1341 984 milites
1373 943 1522 986 divisae.
1590 946 1848 994 Immobiles,

411 1018 506 1061 puta
520 1011 619 1064 agri,
638 1014 776 1059 Aroes,
794 1009 973 1063 Oppida,
1000 1008 1271 1062 publicantur,
1299 1008 1342 1048 id
1355 1009 1423 1056 est,
1448 1009 1549 1048 fiunt
1567 1010 1761 1064 Principis
1779 1020 1848 1051 aut

411 1072 679 1125 Reipublicae,
706 1075 813 1128 cujus
830 1072 1015 1127 auspiciis
1035 1070 1182 1111 bellum
1209 1071 1378 1126 geritur.

468 1148 488 1172 Ι
496 1149 535 1182 5.
565 1139 771 1177 Accnssm
786 1136 841 1175 est
859 1134 1001 1175 modus
1019 1133 1266 1185 acquirendi,
1284 1147 1365 1185 quo
1379 1133 1420 1172 vi
1438 1139 1473 1175 ὅ(
1487 1136 1680 1185 potestate
1696 1137 1757 1176 rei
1774 1152 1847 1177 no-

409 1197 497 1237 strae
515 1197 634 1235 aliam
652 1198 899 1248 adquirimus
914 1214 924 1244 3
954 1197 1087 1245 estque
1103 1194 1321 1244 Naturalis,
1352 1193 1591 1244 Artificialis,
1619 1197 1682 1236 vel
1694 1198 1844 1241 Mixta.

408 1260 616 1300 Naturalis
634 1260 679 1300 fit
698 1257 820 1298 solius
849 1269 1001 1297 naturae
1027 1257 1581 1310 operatione-*Artzficialis
1599 1258 1687 1299 solo
1705 1260 1846 1304 labore

409 1320 813 1362 humano-——Mz'xta
833 1330 1017 1372 utroque.

468 1393 531 1426 16.
564 1383 803 1425 Acceffionis
822 1382 1013 1423 naturalis
1027 1382 1174 1436 species
1193 1382 1284 1422 sunt
1308 1396 1341 1422 1.
1357 1381 1535 1423 Alluvio.
1579 1399 1615 1424 2.
1638 1386 1844 1440 Appulfio,

413 1462 447 1497 3.
462 1447 592 1488 Insula
606 1446 648 1485 in
661 1445 824 1486 flumine
839 1455 943 1485 nata.
973 1460 1012 1494 4.
1026 1445 1170 1487 Alveus
1185 1460 1207 1485 a
1221 1445 1383 1486 flumine
1397 1445 1574 1488 relustus.
1608 1463 1627 1496 5
1637 1480 1645 1488 .
1657 1451 1843 1492 Foetura,

463 1526 526 1558 17.
558 1510 704 1551 Alluvio
721 1510 776 1550 est
791 1514 1087 1550 lucrementum
1100 1510 1240 1561 latens,
1258 1523 1340 1563 quo
1358 1509 1457 1562 quid
1475 1523 1574 1564 agro
1594 1513 1730 1553 nostro
1748 1529 1843 1567 pau-

407 1575 522 1616 latim
540 1574 597 1613 ita
617 1572 819 1626 adjicitur,
847 1584 890 1612 ut
910 1573 1085 1626 intelligi
1105 1587 1188 1614 non
1207 1572 1335 1628 poffit‚
1354 1584 1544 1626 quantum
1559 1588 1726 1629 quoquo
1744 1587 1844 1618 tem-

407 1638 519 1689 poris
536 1645 743 1676 momento
761 1635 984 1689 adjiciatur.

407 1751 409 1753 ι
467 1704 530 1741 1'8.
550 1698 717 1753 Appulfio
733 1699 802 1747 est,
818 1712 910 1737 cum
928 1699 987 1738 vis
1000 1698 1172 1739 fluminis
1189 1708 1344 1750 partem
1358 1697 1512 1751 praedio
1530 1707 1604 1737 tuo
1622 1698 1841 1743 detrad‘tarn

408 1761 458 1803 ad
476 1762 600 1804 vicini
619 1761 815 1816 praedium
833 1758 999 1814 appellit
1009 1783 1021 1813 3
1053 1762 1163 1816 cujus
1182 1761 1334 1800 vicinus
1348 1760 1548 1800 Dominus
1566 1759 1625 1811 fit,
1644 1775 1733 1802 cum
1751 1778 1841 1818 pars

457 1869 592 1903 Alluvio
612 1869 658 1903 cst
676 1871 926 1905 lucrementum
946 1869 1071 1916 latens]
1100 1869 1170 1904 Cic.
1191 1869 1233 1904 de
1248 1870 1335 1903 Nat.
1352 1872 1454 1904 Deor.
1473 1868 1840 1920 Lib-I-—AEg'ypmm

407 1918 497 1951 Nilus
525 1917 643 1960 irrigat,
676 1914 714 1950 ὠ·
739 1929 806 1952 cum
834 1927 898 1952 tota
925 1918 1019 1963 astate
1049 1919 1195 1960 obrutam,
1221 1919 1426 1962 oppletamque
1451 1919 1594 1960 tenuerit,
1621 1928 1683 1953 tum
1713 1922 1837 1962 recedit,

406 1962 600 2007 mollitosque,
632 1961 669 1997 (θ’
685 1964 838 1998 oblimatos
863 1976 949 2009 agros
978 1966 1018 1998 ad
1037 1964 1196 2008 serendum
1220 1966 1373 2009 relinquit.
1422 1963 1675 2009 Mefhpotamiam
1698 1965 1837 2008 fertilem

406 2011 489 2054 efficit
506 2011 686 2053 Euphrates,
712 2012 742 2045 ln
756 2023 850 2057 quam
866 2014 1027 2055 quotannis
1042 2012 1122 2057 quast
1142 2024 1228 2046 novos
1251 2023 1336 2056 agros
1359 2012 1484 2046 invehit.
1535 2014 1626 2046 Indus
1649 2024 1715 2047 vero
1730 2015 1782 2056 qui
1799 2014 1837 2058 est

406 2059 535 2092 omnium
553 2057 711 2100 fluminum
735 2060 899 2100 maximus,
926 2070 981 2092 non
1007 2057 1089 2104 aqud
1112 2058 1212 2102 fidum
1236 2070 1324 2103 agros
1351 2059 1479 2103 latificat
1500 2055 1536 2092 ὅθ’
1557 2061 1689 2102 mitigat,
1709 2060 1766 2104 sed
1791 2072 1838 2093 eos

405 2106 498 2138 etiam
515 2103 635 2149 conserit
652 2120 663 2146 ς
696 2117 836 2150 magnam
852 2108 932 2141 enim
956 2108 1017 2141 vim
1036 2105 1184 2152 seminum
1204 2106 1308 2152 secum
1326 2105 1487 2150 frumenti,
1515 2104 1552 2139 (³7
1567 2105 1711 2151 similium
1729 2108 1837 2142 dicitur

405 2152 568 2196 deportare.

405 2230 530 2266 Lucan.
550 2229 625 2267 Lib.
642 2243 672 2278 3.

1150 2278 1211 2312 Sed
1220 2276 1342 2323 sparsus
1358 2278 1387 2311 in
1401 2289 1488 2322 agros

739 2326 852 2361 Fertilis
868 2325 1052 2374 Euphrates,
1077 2326 1192 2362 Pharia
1208 2327 1274 2363 vice
1280 2323 1423 2371 fungitur
1445 2325 1536 2360 unda.

1742 2398 1830 2426 cum
