2059 2812
412 178 485 226 40
820 156 1082 208 Elementa
1111 157 1259 225 Jurbs
1290 157 1458 213 Civilts

469 274 533 310 23.
565 255 761 298 Secundus
780 254 923 296 modus
946 257 1177 311 acquirendi
1197 259 1370 299 Patriam
1391 261 1627 313 potestatem
1647 263 1702 304 est
1721 276 1741 302 1.
1754 276 1809 304 EG
1821 278 1852 305 1-

413 336 468 364 T1
482 336 613 363 MATI
627 337 653 363 o
667 350 679 370 ‚
707 335 793 376 quae
825 321 880 363 est
902 323 1025 363 Actus
1049 321 1264 377 legitimus,
1295 336 1374 376 quo
1397 323 1516 365 liberi
1535 327 1734 369 naturales
1752 329 1853 370 fiunt

410 388 596 443 legitimi.

463 467 528 502 24.
559 452 772 495 Naturales
804 460 938 492 autem
970 451 1091 492 liberi
1122 451 1189 493 hic
1222 452 1423 502 dicuntur,
1452 455 1521 507 qui
1555 468 1603 495 ex
1634 456 1854 498 concubina

409 518 495 558 nati
530 517 631 560 sunt.
676 517 925 558 'Concubina
953 527 1088 556 autem
1117 527 1204 557 erat
1233 518 1378 559 mulier
1406 518 1563 559 vilioris
1593 521 1854 572 conditioni5‚

410 594 530 634 quam
561 583 648 635 quis
674 593 841 620 uxorem
868 594 949 620 non
982 580 1131 619 habens
1163 579 1257 621 loco
1288 583 1423 622 uxoris
1450 583 1491 622 in
1520 582 1643 623 domo
1666 583 1852 632 habebat,

410 645 607 700 dignitate
628 651 663 686 ὅ(
681 645 805 684 animi
824 643 1089 684 destinatione
1107 643 1156 684 ab
1175 659 1301 685 uxore
1320 646 1587 689 differentem.

467 726 531 759 25.
563 713 675 765 Ergo
707 720 820 750 extra
837 709 1160 750 Concubinatum
1191 710 1277 763 (qui
1296 724 1368 765 per
1385 713 1491 767 leges
1517 726 1662 752 nomen
1686 714 1853 768 assump-

408 772 468 826 fit)
490 772 589 823 nati,
609 771 685 813 five
710 786 760 812 ex
783 771 1013 819 meretrice,
1040 771 1109 824 qui
1128 781 1283 824 patrem
1303 782 1457 813 certum
1482 773 1752 816 demonstrare
1771 791 1852 818 non

410 837 585 891 poffunt,
621 835 698 877 five
720 851 768 876 ex
797 836 949 888 stupro,
980 833 1211 886 Adulterio,
1239 838 1407 886 Incestu,
1435 837 1521 891 jure
1550 840 1740 880 Romano
1774 855 1852 882 non

410 901 702 956 legitimantur.

464 973 529 1006 26.
561 965 833 1020 Legitimandi
866 974 999 1005 autem
1034 965 1143 1005 modi
1163 965 1407 1019 potiffimum
1427 976 1508 1006 tres
1536 966 1576 1006 in
1605 967 1691 1021 jure
1721 967 1854 1008 obser-

409 1038 565 1069 vantur.
610 1043 642 1070 1,
663 1027 833 1068 Oblatio
851 1027 1002 1070 Curiae.
1043 1043 1079 1068 2.
1096 1028 1339 1081 Subsequens
1356 1030 1677 1070 Matrimonium.
1721 1046 1753 1080 3.
1772 1034 1854 1073 Re-

407 1093 601 1146 scriptum
620 1092 829 1144 Principis

464 1172 528 1204 27.
560 1155 730 1199 Oblatio
755 1157 892 1197 Curiae
910 1156 1045 1206 fiebat,
1074 1171 1163 1198 cum
1180 1161 1296 1197 Pater
1315 1157 1442 1198 filium
1462 1159 1679 1198 naturalem
1704 1159 1752 1198 ad
1773 1173 1853 1197 mu-

408 1234 477 1263 nus
495 1221 774 1260 Decurionum
796 1220 886 1272 (qui
920 1221 959 1259 in
978 1219 1204 1273 municipiis
1225 1220 1341 1259 instar
1362 1223 1615 1269 Senatorum,
1644 1220 1856 1274 multisque

410 1315 572 1351 solebant
587 1317 691 1350 etiam
712 1315 870 1350 nuncium
891 1316 1027 1349 mittere
1046 1314 1196 1360 conjugi,
1212 1325 1321 1361 eaque
1336 1313 1509 1361 speciatim
1526 1314 1703 1349 dicebatur
1725 1329 1856 1351 Rssnvx-

410 1376 549 1400 CIATIO
576 1364 805 1398 Matrimonii.
930 1364 983 1395 Ut
1008 1363 1272 1396 Matrimonium
1301 1374 1379 1396 vero
1408 1360 1597 1397 solvebatur
1624 1364 1776 1405 Divortia,
1812 1363 1855 1399 iic

409 1410 585 1459 Sponsalia
600 1408 814 1445 solvebantur
829 1411 970 1454 Repudio.
1025 1411 1063 1442 In
1083 1407 1231 1455 repudiis
1250 1408 1375 1456 sponsae
1393 1410 1571 1444 mittendis
1596 1409 1745 1444 solennia
1763 1424 1857 1447 erant

410 1457 662 1494 verba—-TVA
684 1469 923 1493 εοΝοῙτΙοΝΕ
950 1469 1026 1492 Non
1054 1469 1157 1492 vroiz.

455 1504 657 1540 Concubina
673 1516 785 1540 autem
809 1503 910 1550 erat]
950 1504 1116 1550 Qamvis
1135 1507 1171 1538 &
1199 1503 1304 1546 licita,
1332 1515 1391 1537 nec
1408 1503 1579 1538 inhonesta
1596 1506 1760 1540 Romanis
1786 1506 1856 1540 haec

409 1552 622 1589 consuetudo
649 1551 842 1594 videretur,
883 1551 1043 1598 paulatim
1070 1562 1182 1586 tamen
1213 1552 1349 1586 evanuit
1379 1550 1645 1594 Concubinatus,
1682 1553 1854 1602 postquam

410 1600 597 1636 Christiana
616 1601 746 1635 Pietate
764 1599 922 1644 indignus
940 1598 1048 1634 videri
1071 1600 1191 1646 coepit.

459 1647 511 1682 Ad
538 1660 660 1683 munus
684 1649 918 1682 Decurionurn
937 1646 950 1693 ]
994 1648 1031 1681 ln
1050 1645 1217 1693 plerisque
1238 1647 1441 1694 Municipiis
1458 1659 1495 1680 ea
1515 1645 1581 1681 fuit
1600 1647 1750 1682 instituta
1774 1649 1856 1682 Rei-

410 1695 551 1743 publicae
579 1694 699 1738 forma,
734 1707 808 1742 quae
839 1696 1019 1738 imaginem
1051 1694 1221 1740 quandam
1250 1693 1461 1742 speciemque
1486 1694 1702 1739 Reipublicae
1730 1697 1858 1729 Roma-

411 1756 461 1778 nae
496 1742 650 1778 referret.
703 1741 1002 1786 Qemadmodum
1033 1744 1152 1777 Romae
1183 1745 1315 1777 Senatus
1329 1769 1340 1783 ,
1377 1743 1424 1775 ita
1458 1743 1493 1775 in
1533 1742 1726 1788 municipiis
1753 1745 1858 1777 Decu-

409 1792 527 1826 tionum
550 1801 623 1825 erat
653 1789 861 1834 Collegium,
895 1789 991 1837 quod
1016 1788 1248 1837 ampliffimum
1277 1788 1433 1823 ordinem
1461 1798 1562 1823 vocat
1589 1789 1663 1824 Cic.
1692 1801 1751 1835 pro
1779 1789 1859 1824 Co:-

410 1837 470 1873 lio.
491 1840 723 1874 x1.—Nam
749 1839 825 1883 quod
847 1836 886 1883 est
914 1839 1068 1879 abjec‘lum,
1093 1837 1302 1882 Municipibus
1325 1836 1379 1880 effe
1407 1836 1634 1881 Adolescentem
1664 1849 1718 1870 non
1745 1839 1854 1881 proba-

410 1895 474 1920 tum
495 1886 572 1931 suis,
598 1887 707 1921 nemini
734 1897 870 1929 unquam
893 1885 1028 1931 prasenti
1052 1887 1115 1920 PV
1122 1886 1295 1919 TEOLA
1304 1886 1338 1918 N
1343 1886 1361 1918 I
1387 1886 1510 1926 majores
1528 1886 1647 1918 honores
1677 1884 1854 1926 habuerunt,

411 1944 503 1978 quam
523 1933 647 1979 Absenti
659 1933 713 1967 M.
730 1935 833 1975 Coelio,
859 1944 947 1977 quem
967 1932 1004 1968 Θ
1021 1933 1171 1977 absentem
1185 1933 1217 1965 in
1233 1930 1606 1966 AMPLISSIA117311
1630 1932 1854 1965 ORDINEM

411 1990 597 2024 cooptarunt.
651 1977 952 2026 Qemadmodum
971 1993 1070 2027 porro
1084 1981 1204 2013 Romae
1218 1989 1314 2012 erant
1331 1980 1390 2012 bini
1408 1977 1561 2022 Confidam,
1589 1979 1634 2010 ita
1654 1979 1686 2011 in
1707 1980 1860 2012 Munici-

412 2028 476 2073 piis
494 2029 670 2071 Duumviri,
698 2030 781 2062 item
794 2028 999 2069 metatores,
1021 2027 1224 2073 Qaestote5,
1249 2023 1422 2066 Censores,
1449 2027 1517 2059 imo
1536 2029 1570 2060 &
1588 2026 1765 2059 l'raetores.
1821 2028 1858 2059 In

413 2076 618 2121 Municipiis
634 2076 739 2110 etiam
755 2075 844 2119 leges
859 2074 1070 2117 ferebantur,
1099 2084 1135 2108 ut
1153 2083 1245 2119 patet
1261 2086 1302 2107 cx
1327 2074 1402 2108 Cic.
1421 2072 1463 2106 de
1475 2074 1558 2116 Leg.
1573 2085 1586 2106 1
1599 2085 1611 2106 1
1623 2085 1649 2106 1.
1672 2075 1861 2108 16.-—Er

413 2125 496 2158 Avus
509 2123 628 2167 quidem
646 2123 736 2168 noster
745 2123 894 2168 singulari
911 2125 1024 2157 virtute
1039 2125 1068 2156 in
1086 2123 1135 2155 hoc
1154 2122 1324 2166 municipio,
1351 2121 1447 2166 quoad
1464 2122 1553 2161 vixit,
1578 2119 1685 2165 restitit
1700 2121 1750 2154 M.
1772 2122 1859 2154 Gra-

411 2171 498 2213 tidio,
525 2172 607 2212 cujus
636 2173 666 2204 in
686 2172 875 2205 matrimonio
891 2171 1038 2209 Sororem,
1064 2170 1177 2203 Avium
1196 2168 1336 2210 nostram,
1352 2167 1491 2209 habebat,
1511 2167 1625 2211 ferenti
1638 2170 1734 2212 legem
1751 2169 1860 2203 Tabel—

410 2218 612 2252 [ariam.-
627 2219 782 2263 Denique
797 2220 834 2252 &
854 2216 1019 2251 Flamincs
1039 2215 1114 2250 suos
1131 2213 1309 2255 habebant,
1337 2227 1404 2248 non
1422 2213 1513 2248 secus
1532 2226 1567 2247 ac
1581 2215 1742 2258 Romani,
1771 2227 1856 2261 quo-

413 2277 489 2299 rum
515 2266 671 2299 meminit
689 2266 763 2299 Cic.
782 2276 842 2311 pro
859 2263 981 2298 Milon.
1001 2276 1052 2297 io.
1082 2267 1117 2298 &
1136 2259 1269 2307 publica
1286 2261 1487 2305 Vectigalia,
1516 2261 1636 2307 quibus
1657 2261 1807 2309 sumptus
1826 2263 1857 2295 in

414 2310 606 2360 Republica
619 2311 790 2347 necessarii
807 2309 1061 2353 sustinebantur,
1088 2318 1124 2343 ut
1140 2307 1226 2342 adeo
1246 2310 1279 2342 in
1295 2309 1452 2343 omnibus
1470 2306 1647 2342 videantur
1663 2310 1856 2355 Municipes

414 2358 446 2394 se
464 2358 506 2393 ad
521 2361 684 2394 Romanae
695 2360 795 2407 Reip.
816 2357 971 2399 formam,
995 2368 1160 2404 quantum
1177 2355 1251 2390 fieri
1268 2367 1414 2403 poterat,
1439 2355 1672 2403 composuiss‘e.

412 2405 607 2455 Multisque
626 2407 766 2443 nexibus
783 2411 819 2443 &
841 2405 1000 2441 oneribus
1023 2404 1166 2440 obnoxii
1192 2403 1312 2450 etant]
1353 2403 1586 2439 Abhorrebant
1605 2402 1689 2438 adeo
1706 2415 1822 2439 omnes
1841 2415 1859 2436 a

1748 2453 1859 2485 Decu-
