2059 2812
594 131 708 181 Lib.
743 129 806 182 Π.
879 130 976 182 Tit.
1014 128 1156 182 XIX.
1487 147 1550 199 13
1566 152 1594 196 5

155 233 316 287 stinendi
341 231 390 270 de
418 243 498 282 quo
524 228 648 269 modo
676 229 839 269 dietum.
900 245 936 271 2.
967 229 1038 279 Jus
1067 228 1250 277 cretionis,
1278 228 1354 270 five
1387 236 1543 283 tempus
1575 247 1598 272 a

162 298 368 338 Testatore
387 291 537 331 haeredi
560 291 706 339 datum,
736 293 840 330 intra
864 291 973 343 quod
1002 292 1147 340 cernit,
1176 291 1250 331 five
1278 291 1362 331 adit
1387 291 1598 333 haeredita-

163 369 255 397 tem.
322 371 355 404 3.
387 353 459 403 Jus
477 351 714 400 deliberandi,
740 350 851 404 quod
879 365 899 389 a
923 352 1109 403 Principe
1136 351 1201 391 vel
1231 352 1466 405 Magistratu
1493 351 1596 392 solet

162 413 382 468 impetrari,
411 413 644 466 plerumque
663 411 711 452 ad
730 425 890 460 annum,
918 411 982 450 vel
1004 427 1039 458 9.
1056 411 1216 460 menseS,
1245 426 1334 451 cum
1354 423 1499 465 urgent
1518 413 1597 453 hae-

162 477 272 516 redes
297 476 345 516 ab
381 477 564 516 intestato
591 474 656 514 vel
683 472 927 513 creditores:
973 472 1010 511 Si
1039 486 1156 511 nemo
1187 482 1340 525 urgeat,
1377 473 1499 513 haeres
1528 474 1597 514 etfi

161 537 278 589 usque
306 535 356 575 ad
389 551 452 585 30·
471 548 589 575 annos
611 533 864 583 deliberavit,
891 543 1023 573 tamen
1049 535 1154 574 redte
1176 534 1279 585 petit
1305 533 1595 575 haereditatem.

159 605 337 652 Accepto
360 610 491 639 autem
509 613 531 638 a
543 597 727 650 Principe
742 596 807 637 vel
825 596 1059 649 Magistratu
1078 594 1327 635 deliberandi
1347 604 1544 648 tempore,
1571 597 1596 637 fi

159 661 302 702 eodem
322 661 446 702 haeres
465 675 545 701 non
569 659 754 715 agnoscat
774 658 1064 705 haereditatem,
1083 657 1108 698 fi
1124 658 1284 711 quidem
1303 659 1351 697 ab
1372 657 1595 698 haeredibus

148 725 347 778 'legitimis
367 733 569 777 urgeatur,
597 722 804 775 repudiaffe,
840 721 866 762 fi
885 734 907 760 a
927 720 1212 768 creditoribus,
1247 720 1369 773 adiiffie
1394 721 1592 763 censetur.

161 789 267 828 Dum
287 798 416 828 autem
437 787 646 835 deliberat,
666 787 773 826 intra
791 795 946 838 tempus
966 784 1219 836 impetratum
1236 783 1496 823 instrumenta
1515 784 1594 824 hae-

158 849 348 888 reditaria
366 847 617 901 inspiciendi,
646 846 857 898 omniaque
876 846 1127 900 explorandi,
1154 845 1220 885 sed
1249 852 1284 887 ὃς
1314 847 1526 886 neceffaria
1551 846 1592 885 in

156 910 430 951 haereditatem
458 911 731 964 impendendi,
760 917 796 952 ὃ(
822 908 848 948 fi
872 910 975 949 filius
999 910 1059 958 fit,
1088 910 1276 949 alimenta
1302 909 1394 949 inde
1414 909 1594 949 sumendi

156 976 214 1027 jus
244 975 375 1017 habet.
431 990 470 1024 4.
502 977 718 1028 Beneficium
749 974 973 1026 Inventarii,
1008 974 1118 1028 quod
1148 974 1323 1014 omnium
1351 974 1593 1025 cautionum,

153 1038 378 1091 juriumque
397 1038 626 1079 tutiffimum
643 1040 711 1079 est.

213 1114 273 1139 11.
305 1101 577 1139 Inventarium
607 1110 739 1139 autem
767 1102 822 1141 est
848 1098 1069 1152 descriptio
1096 1097 1268 1138 omnium
1299 1097 1497 1138 bonorum
1524 1098 1593 1139 de-

155 1159 302 1208 functi,
330 1171 527 1212 tempore,
555 1161 754 1213 modoque
773 1161 959 1214 legitimo
977 1159 1095 1199 faeta.

216 1237 276 1263 12.
308 1228 369 1263 Ut
390 1232 529 1276 tempus
549 1223 592 1263 fit
611 1222 850 1276 legitimum,
880 1221 1146 1263 inchoandum
1171 1221 1225 1260 est
1243 1221 1516 1262 Inventarium
1534 1222 1592 1261 in-

158 1295 220 1323 tra
256 1300 315 1334 30.
337 1284 433 1332 dies,
462 1299 508 1323 ex
528 1298 607 1337 quo
634 1284 751 1324 scivit
770 1288 908 1325 Haeres
927 1283 996 1322 fibi
1016 1283 1186 1323 delatam
1207 1283 1284 1322 effe
1304 1283 1594 1333 haereditatem,

157 1352 190 1387 ἃ
212 1345 347 1385 diebus
369 1353 431 1385 60.
449 1345 700 1398 sequentibus
720 1344 1003 1386 absolvendum
1020 1346 1087 1384 est.

215 1423 276 1457 13.
310 1407 374 1449 Ad
406 1409 546 1448 modum
581 1409 772 1461 pertinet,
813 1421 847 1446 1.
869 1412 932 1448 Ut
963 1407 1032 1446 fiat
1064 1405 1217 1454 citatis,
1253 1412 1287 1447 ὅ(
1314 1406 1593 1459 praesentibus,

156 1486 326 1526 quorum
358 1473 532 1521 interest,
561 1472 759 1525 legatariis
788 1477 822 1512 ἃ
843 1469 1127 1518 creditoribus,
1155 1480 1220 1509 aut
1248 1469 1273 1509 s1
1292 1471 1359 1522 qui
1378 1472 1490 1511 citati
1509 1487 1593 1512 non

158 1536 353 1586 venerint,
382 1549 515 1575 coram
539 1535 664 1574 tribus
689 1534 852 1587 optimae
876 1533 1077 1586 opinionis
1095 1533 1270 1574 testibus.
1330 1547 1367 1572 2.
1399 1538 1460 1574 Ut
1480 1534 1593 1574 adhi-

158 1597 328 1636 beantur
356 1597 520 1644 notarii,
550 1597 617 1650 qui
643 1596 692 1636 de
720 1597 809 1636 aestu
836 1595 968 1634 testari
987 1606 1146 1648 queant.
1211 1610 1242 1644 3.
1272 1600 1334 1636 Ut
1353 1595 1484 1636 omnia
1504 1609 1593 1648 quae

157 1659 364 1701 defiindtus
398 1671 581 1714 tempore
613 1660 751 1700 mortis
784 1658 924 1698 habuit
950 1659 1154 1712 speciatim
1184 1658 1455 1699 describantur
1485 1659 1593 1701 bona

158 1722 256 1762 fide:
301 1736 340 1772 4.
359 1727 423 1764 Ut
441 1722 655 1763 subscribat
676 1721 757 1774 ipse
776 1725 928 1772 Haeres,
951 1722 1014 1761 vel
1032 1722 1057 1762 fi
1075 1721 1245 1762 scribere
1265 1735 1346 1760 non
1368 1721 1480 1773 poffit
1495 1743 1506 1773 3
1537 1722 1591 1763 ob

160 1783 237 1823 hoc
255 1784 383 1823 solum
402 1783 605 1836 speciatim
624 1782 865 1822 tabularium
883 1782 1085 1832 adhibeat,
1113 1785 1181 1836 qui
1199 1797 1273 1836 pro
1293 1783 1332 1823 se
1349 1784 1484 1823 literas
1504 1784 1591 1838 sup-

208 1893 268 1938 Jus
288 1891 471 1938 cretionis]
515 1892 635 1927 Cretio
658 1900 729 1925 erat
747 1890 888 1925 solennis
907 1892 1062 1939 quaedam
1083 1891 1293 1926 haereditatis
1310 1890 1427 1926 aditio.
1446 1892 1589 1927 -Plim

162 1938 237 1973 Lib.
255 1951 304 1974 10.
329 1940 427 1987 Epist.
448 1937 489 1973 ad
512 1938 838 1985 Trajan.——Julius
853 1939 975 1984 Largus
996 1942 1114 1984 rogavit
1131 1939 1314 1984 testamento,
1342 1949 1374 1973 ut
1391 1940 1591 1975 lym-editatem

156 1985 244 2030 suam
260 1987 384 2028 adirem,
410 1986 951 2033 CERNEREMQE.--Cic.
974 1988 1034 2032 Ep.
1057 1985 1132 2019 Lib.
1159 1989 1218 2021 IX.
1240 1988 1302 2032 Ep.
1325 1989 1588 2030 14.—-Deinde

163 2034 258 2066 multa
277 2033 311 2067 de
321 2033 415 2077 fado,
442 2046 479 2067 ac
497 2046 527 2067 re
544 2031 627 2078 gestai
645 2048 654 2073 ς
691 2042 753 2067 tum
770 2034 844 2066 nihil
860 2033 1111 2078 magnificentius,
1138 2035 1213 2067 nihil
1231 2034 1399 2077 praclarius
1416 2036 1512 2067 afrum
1530 2046 1588 2068 un-

162 2090 265 2123 quam,
291 2081 366 2114 nihil
383 2081 553 2125 Reipublicae
570 2080 753 2125 salutarius.
804 2083 905 2124 Atque
921 2082 977 2113 haec
996 2091 1054 2113 una
1075 2092 1129 2114 vox
1155 2082 1283 2115 omnium
1308 2079 1356 2126 est.
1408 2082 1439 2114 A
1463 2081 1507 2114 Te
1533 2093 1590 2114 au-

163 2135 316 2168 tempato,
343 2136 376 2159 ut
393 2140 437 2161 me
456 2128 531 2161 hanc
549 2126 630 2172 quafi
639 2125 755 2171 falsam
773 2127 854 2160 HAE
862 2128 1038 2161 REDITA
1047 2126 1150 2160 TEM
1171 2129 1272 2161 aliena
1284 2128 1383 2171 gloriae
1394 2126 1471 2171 firm
1487 2129 1590 2162 CER-

163 2173 198 2205 N
205 2174 232 2205 E
244 2173 322 2213 RE,
348 2184 449 2217 meque
476 2172 582 2218 aliqud
610 2185 647 2208 ex
671 2182 760 2217 parte
787 2175 817 2206 in
840 2173 1017 2218 societatem
1041 2182 1160 2208 tuarum
1182 2175 1306 2208 laudum
1324 2175 1422 2208 venire
1444 2175 1584 2218 patiaris.

163 2219 233 2252 Cic.
253 2217 293 2251 de
311 2219 408 2253 Orat.
434 2219 509 2253 Lib.
524 2232 551 2254 1.
571 2232 643 2266 cap.
660 2221 874 2254 101.—-—De
899 2221 951 2262 lm,
977 2221 1072 2262 credo,
1098 2223 1188 2261 rebus,
1214 2222 1312 2267 inquit
1336 2219 1469 2264 Crassus,
1495 2229 1527 2253 ut
1557 2220 1588 2253 in

164 2266 228 2299 CR
238 2267 266 2300 E
277 2266 328 2300 TI
335 2268 364 2300 O
374 2267 406 2300 N
413 2267 430 2300 Ι
437 2268 464 2301 Β
475 2268 532 2303 VS
544 2267 635 2311 scribi
643 2266 721 2312 fhlet
735 2280 746 2304 3
769 2267 894 2315 Qbus
904 2266 1014 2312 sciam,
1038 2277 1206 2314 poteroque.

1452 2353 1590 2395 ponat,
