2059 2812
382 137 530 199 xviii
676 133 1502 200 PROOEMIUM,

380 279 472 327 que
488 261 764 313 faciliorem
777 263 827 310 &
840 259 1359 312 brevioremordinem
1376 261 1664 325 digerendas
1684 262 1814 311 miro

381 339 556 388 ardore
574 339 622 387 se
642 338 868 389 contulit.
941 341 1088 386 Anno
1107 339 1252 387 ΛΞΜ
1276 337 1560 388 Christianae
1583 355 1811 389 Dxxvnl,

381 413 555 463 decem
577 413 715 472 Viris,
751 413 886 463 inter
903 431 1025 478 quos
1045 416 1095 464 δε
1117 413 1444 462 Trihom'amzs
1462 413 1574 474 suit,
1611 415 1660 463 id
1675 416 1813 464 dedit

379 491 585 556 negotii,
622 502 678 540 ut
702 508 761 540 ex
795 492 970 549 tribus,
1004 491 1090 556 qui
1115 501 1224 539 tum
1256 491 1507 539 exstabant
1535 492 1812 552 Codicibus,

382 566 694 630 Gregoricmo,
733 565 1145 629 Hermogeniam,
1185 568 1235 616 δε
1264 565 1602 631 leeodqlianO,
1641 568 1815 617 consti-

380 642 596 691 tutiones
615 642 839 692 utiliores
865 642 1146 707 seligerent,
1182 643 1373 707 easque,
1401 643 1619 705 (reseffls
1640 644 1813 709 praefa-

380 718 613 779 tionibus,
654 719 920 784 superfiuis,
957 721 1008 769 &
1032 720 1327 782 contrariis·,
1362 721 1413 770 δε
1443 721 1666 781 mutatis,
1703 739 1813 786 quae

376 809 552 845 eorum
588 806 873 862 temporum
893 796 1005 846 foro
1041 797 1203 848 minus
1242 813 1454 862 congrua
1474 798 1809 861 viderentur‚)

378 886 475 920 una
498 888 613 921 cum
638 871 713 931 iis,
734 889 841 936 quae
861 871 958 936 ipse
983 872 1144 922 adhuc
1162 873 1405 932 edidisset,
1435 872 1483 922 in
1504 874 1810 934 x11.Libros,

376 949 428 997 &
444 948 529 997 sub
561 949 708 997 certis
733 948 912 997 Titulis
935 949 1230 1013 digererent.
1304 950 1454 999 Hunc
1475 949 1710 998 Codicem
1742 951 1812 1000 in-

373 1023 607 1089 sequente
645 1041 772 1074 anno
804 1024 1129 1085 Absolutum,
1170 1026 1634 1091 JUSTINIANEUM
1668 1042 1811 1077 voca-

376 1101 468 1150 vit.
540 1103 666 1151 Haec
693 1102 856 1166 prima
889 1103 1127 1152 Comcrs
1162 1101 1336 1151 Editio
1366 1103 1604 1165 praeceffit
1641 1119 1813 1153 omnes

377 1178 497 1228 alios
514 1180 645 1244 Juris
672 1180 841 1237 libros,
879 1196 1000 1242 quos
1017 1180 1160 1227 nobis
1179 1178 1395 1241 reliquit.

441 1256 569 1304 Cum
604 1263 774 1304 autem
807 1264 1038 1305 Veterum
1065 1252 1530 1317 Jurisconsultorum
1549 1253 1812 1308 Volumina

371 1346 486 1380 eum
507 1330 567 1378 ad
587 1344 850 1379 numerum
871 1328 922 1377 &
942 1326 1130 1375 molem
1157 1326 1490 1386 ascendissent,
1529 1338 1584 1376 ut
1611 1329 1811 1380 Adoles-

370 1405 589 1454 centium
620 1403 840 1453 studium
870 1405 922 1453 δε
947 1401 1235 1450 industriam
1271 1414 1611 1466 exuperarent,
1648 1403 1809 1469 Jnsti-

369 1482 566 1541 m‘anus,
610 1481 688 1543 (ut
705 1479 970 1546 Juventuti
995 1479 1091 1527 hoc
1123 1494 1241 1527 onus
1266 1478 1520 1541 allevaret,
1558 1480 1808 1546 studiaque

369 1577 397 1608 a
427 1560 571 1608 rebus
604 1558 868 1622 aliquando
898 1556 1228 1622 supervacuis,
1283 1559 1335 1607 &
1371 1557 1620 1617 obsoletis,
1667 1559 1718 1608 in
1747 1560 1807 1611 iis

368 1635 506 1684 libris
538 1634 926 1694 occurrentibus,
965 1634 1027 1683 ad
1057 1634 1155 1683 sola
1190 1634 1447 1683 neceffaria
1478 1635 1802 1699 traduceret,)

368 1726 496 1759 anno
524 1710 730 1774 Imperii
756 1710 829 1759 sui
847 1719 1042 1775 quarto,
1081 1709 1395 1770 Triboniam,
1434 1710 1516 1775 qui
1549 1711 1806 1773 Doctrina,

369 1789 420 1838 &
439 1788 595 1853 gratia
630 1789 756 1853 apud
782 1789 1145 1852 Imperatorem
1170 1791 1497 1853 praecellebat,
1530 1789 1804 1853 mandavit,

365 1877 423 1916 ut
448 1867 594 1916 fimul
626 1883 741 1915 cum
776 1866 883 1915 aliis
918 1866 1257 1931 insignioribus
1278 1867 1605 1932 Jurisperitis,
1650 1868 1804 1932 (quos

367 1942 573 2005 ipsemet
591 1942 641 1991 in
660 1940 832 1992 Codice
859 1940 1122 2002 recenset,)
1166 1958 1225 1990 ex
1244 1952 1475 1993 veterum
1491 1942 1804 2008 Jurisconsul-

365 2027 533 2065 torum
568 2016 708 2066 libris
745 2027 945 2080 caperet
979 2033 1036 2065 ea
1072 2026 1286 2074 tantum,
1343 2031 1448 2080 quae
1481 2015 1587 2064 usui
1618 2015 1805 2078 forent,

368 2094 419 2143 &
437 2109 495 2140 ex
512 2093 769 2143 variorum
789 2093 1044 2142 sententiis
1064 2103 1212 2157 atque
1239 2092 1492 2156 particulis
1522 2102 1804 2156 pertexeret

364 2171 560 2230 seriem,
599 2187 657 2220 ex
685 2171 834 2221 Variis
853 2170 1056 2235 quidem
1084 2170 1349 2219 dedufitam
1366 2170 1685 2230 Austoribus,
1725 2190 1803 2222 or-

346 2247 479 2298 -dine
512 2257 684 2300 tamen
714 2258 859 2313 atque
901 2247 1038 2298 sensu
1070 2247 1404 2296 cohaerentem
1433 2246 1537 2307 fibi,
1573 2249 1805 2299 maxime-

1701 2354 1803 2405 que
