2059 2812
409 179 433 214 1
442 164 506 228 96
800 147 1062 208 Elementa
1090 147 1237 223 Juris
1267 148 1435 211 Civilis

451 258 709 303 Distinguebant
738 255 822 291 olim
856 257 1002 291 Romani
1032 257 1120 291 inter
1152 258 1213 302 Jus
1247 256 1472 293 Tributorum
1484 285 1494 300 ,
1533 256 1567 293 &
1597 256 1830 301 Veffigalium.

405 308 607 341 Ti'ussvrvvr
626 315 698 338 erat
717 304 857 350 pecunia
877 303 1003 350 populo
1021 305 1198 350 imperata,
1223 315 1297 349 quae
1320 306 1458 339 tributim
1487 317 1506 338 a
1523 304 1657 349 singulis
1676 304 1833 348 exigeba-

403 365 466 387 tur.
520 353 605 396 Qae
624 364 702 385 vcro
721 353 864 398 pecunia
882 350 949 384 alio
967 363 1174 397 quocunque
1199 351 1337 384 nomine
1364 351 1541 397 pendenda
1559 363 1632 386 erat
1649 363 1834 387 VECTIGAL

404 399 532 433 solebat
549 398 719 445 adpellari.
772 397 995 432 Tributorum
1021 398 1086 431 tria
1107 409 1227 441 genera
1246 407 1366 437 erant;
1404 407 1506 431 unum
1529 398 1620 445 quod
1651 401 1681 432 in
1705 400 1833 443 capira5

401 446 555 486 alterurn,
581 445 672 492 quod
691 458 728 479 ex
744 446 830 489 censu
846 443 1099 485 conferebatur;
1136 445 1272 477 tertium
1292 442 1387 489 quod
1408 445 1607 494 imperatum
1623 456 1717 480 extra
1743 443 1835 479 ordi-

403 505 492 535 nem,
516 492 667 539 adeoque
683 495 876 526 temerarium
889 491 1032 526 dietum.
1086 490 1269 525 Tributum
1288 492 1317 524 in
1332 492 1432 536 capita
1451 490 1508 525 iub
1525 493 1641 538 primis
1663 493 1835 526 Romano—

401 552 474 574 rum
491 539 640 583 Regibus
659 541 691 573 in
710 539 768 572 usu
788 538 864 580 fuit,
886 537 971 572 adeo
990 549 1025 572 ut
1042 551 1146 584 quum
1161 539 1248 580 Regi
1267 548 1350 583 opus
1367 536 1447 571 ess‘et
1462 537 1615 584 pecunia,
1639 551 1738 585 aequo
1754 550 1833 585 pau-

403 598 496 631 peres
514 599 552 621 ac
572 586 696 621 divites
714 597 816 619 onere
841 593 1089 630 premerentur.
1142 586 1288 619 Invento
1304 593 1416 618 autem
1446 584 1531 629 cenfic
1549 584 1730 619 Tributum
1750 583 1835 619 illud

401 636 521 680 capitis
545 632 653 674 defiit,
679 631 833 677 civesque
850 641 1027 678 coeperunt
1051 630 1196 665 Tributa
1215 629 1368 665 conferre
1387 642 1448 676 pro
1473 630 1531 664 suo
1549 630 1690 677 quisque
1718 630 1830 667 censu.

400 682 581 724 Tarquinius
598 681 744 724 Superbus
758 689 905 712 veterem
928 677 1053 712 tributa
1071 677 1230 721 exigendi
1249 679 1415 712 rationem
1434 677 1592 721 restituit,
1619 681 1779 725 auxitque
1798 680 1833 712 in

401 736 548 769 tantum,
593 735 629 759 ut
655 738 716 772 pro
744 725 801 759 suo
829 726 971 772 quisque
1000 726 1112 772 capite
1143 724 1259 758 decem
1289 723 1450 771 penderet
1476 724 1644 759 denarios.
1695 726 1835 773 Ejurato

400 785 517 817 regnO,
543 775 678 809 Valerius
693 774 838 817 Poplicola
864 773 968 806 Servii
986 772 1174 806 institutum
1196 770 1372 814 revocasse,
1399 783 1546 818 eumque
1564 773 1597 805 in
1616 770 1717 806 finem
1733 773 1836 817 Qae-

401 820 501 854 stores
517 819 637 854 creaffe
656 819 775 854 fertur.
816 821 926 853 Immo
943 831 1102 865 pauperes
1115 817 1321 865 aliquamdiu
1339 817 1546 853 tributorum
1564 831 1667 854 onere
1681 817 1836 862 exsoluti,

400 865 508 902 donec
527 868 678 901 decrevit
704 869 843 900 Senatus
867 870 962 900 Anno
986 869 1028 901 V.
1048 867 1087 899 C.
1108 877 1281 900 cccxmx.
1312 876 1347 900 ut
1373 865 1476 912 plebi,
1499 877 1573 912 quae
1590 878 1631 900 eo
1649 866 1754 913 usque
1773 866 1836 900 suis

401 913 587 960 sumptibus
615 914 831 956 militaverat,
862 911 1062 959 stipendium
1093 915 1276 960 quotannis
1305 925 1345 947 ex
1369 914 1486 948 aerario
1511 912 1703 948 solveretur.
1760 914 1835 948 Hoc

399 963 490 995 enim
521 961 609 995 faeno
627 962 735 995 coacti
754 960 827 994 sunt
848 972 962 994 omnes
983 959 1147 993 tributum
1174 971 1216 994 ex
1242 959 1341 994 censu
1368 962 1551 1007 quorannis
1577 962 1610 994 in
1631 960 1836 1008 stipendium

400 1008 547 1042 mIIitare
564 1007 727 1043 conferre.
786 1008 876 1041 Hinc
896 1019 1013 1050 magna
1032 1005 1173 1040 subinde
1190 1009 1371 1041 certamina
1389 1009 1478 1042 inter
1500 1009 1614 1041 Patres
1640 1011 1676 1042 δε
1704 1006 1836 1054 plebem

399 1055 448 1091 de
460 1054 675 1091 conferendis
693 1054 839 1097 tributis,
867 1066 940 1099 quae
963 1053 1044 1100 saepe
1067 1066 1084 1087 a
1111 1052 1275 1088 Tribunis
1291 1054 1471 1102 impedita,
1494 1053 1577 1101 saepe
1595 1067 1613 1088 a
1640 1055 1763 1089 Senatu
1784 1066 1837 1088 re-

400 1101 515 1144 miss'a5
542 1115 603 1137 nec
625 1114 700 1137 raro
718 1100 762 1135 ob
780 1102 1002 1135 neceffitatern
1021 1099 1227 1147 Reipublicae
1246 1103 1342 1135 aucta
1363 1101 1449 1136 sunt.
1503 1102 1599 1146 Qin
1617 1100 1741 1135 indicta
1757 1100 1837 1147 saepe

400 1148 548 1184 Tributa
563 1152 726 1185 temeraria
745 1159 884 1195 propter
902 1148 1044 1194 periculi
1060 1146 1340 1190 magnitudinem,
1357 1148 1461 1182 veluti
1479 1148 1547 1192 post
1558 1148 1688 1182 Urbem
1707 1160 1724 1181 a
1740 1150 1836 1183 Gallis

399 1207 528 1241 captam
546 1213 556 1237 ;
583 1198 664 1229 item
683 1196 774 1229 bello
794 1197 901 1229 Punico
928 1193 1084 1237 secundo,
1118 1195 1236 1228 Valerio
1253 1196 1380 1237 Levino,
1408 1199 1444 1230 &
1464 1196 1518 1229 M.
1538 1197 1665 1229 Claudio
1684 1195 1835 1230 Marcella

399 1243 515 1277 Coss.
544 1242 681 1289 quando
700 1240 776 1289 ipsae
799 1254 960 1276 marronae
974 1253 1088 1276 aurum
1107 1245 1143 1276 &
1158 1251 1355 1275 ornamenta
1370 1239 1423 1276 sua
1438 1240 1593 1276 conferre
1615 1255 1682 1276 non
1699 1241 1838 1277 dubita-

399 1289 491 1325 bant.
546 1290 718 1324 Postremo
736 1301 846 1324 annua
861 1288 1005 1324 Tributa
1025 1288 1119 1337 plane
1137 1288 1263 1323 remissa
1280 1287 1353 1322 sunt
1369 1291 1406 1323 A.
1424 1289 1500 1324 VC.
1520 1299 1724 1324 mtxxxVI.
1749 1289 1838 1336 post-

398 1340 439 1371 L.
455 1339 571 1372 Paulus
593 1348 610 1370 e
628 1335 737 1384 praeda
751 1337 953 1370 Macedonica
975 1334 1210 1371 incredibilem
1227 1337 1294 1371 vim
1320 1337 1393 1370 auri
1422 1335 1581 1370 intulerat
1608 1337 1640 1369 in
1656 1338 1837 1378 AErarium,

399 1384 506 1430 idque
533 1383 575 1418 ad
591 1383 798 1417 consulatum
819 1383 922 1429 usque
940 1384 1045 1417 Hirtii
1063 1387 1100 1419 δε
1114 1383 1214 1428 Punsae
1239 1381 1386 1417 manfiffe
1402 1382 1505 1418 tradit
1519 1385 1709 1417 Plutarchus.
1762 1383 1837 1418 Post

398 1444 436 1465 ea
462 1442 615 1478 tempora
640 1430 758 1465 tributi
776 1429 890 1464 collati
908 1429 1170 1476 frequentiffima
1189 1430 1229 1464 fit
1251 1431 1393 1472 mentio,
1419 1435 1455 1466 ὃς
1474 1428 1530 1464 sub
1545 1432 1773 1474 Imperatoribus
1791 1434 1835 1465 eb

400 1489 452 1512 res
470 1478 585 1521 rediit,
613 1488 647 1510 ut
677 1477 783 1512 multa
801 1478 1030 1512 invenirentur
1059 1489 1141 1511 nova
1160 1476 1297 1519 tributa,
1326 1481 1361 1511 ὃ(
1382 1489 1448 1511 non
1468 1475 1574 1510 solum
1602 1478 1788 1522 provinciis
1814 1490 1834 1511 a

399 1525 524 1570 populo
540 1526 708 1569 Stipendia,
735 1537 752 1557 a
768 1525 922 1569 Principe
940 1525 1065 1557 Tributa
1084 1525 1352 1570 imponerentur,
1377 1535 1493 1558 verum
1513 1524 1614 1557 etiam
1628 1523 1744 1558 durior
1759 1523 1836 1558 sub·

400 1571 480 1604 inde
497 1571 557 1605 hac
579 1573 612 1604 in
631 1583 665 1604 re
681 1570 780 1604 fieret
798 1569 952 1603 conditio
968 1571 1090 1604 civium
1107 1571 1348 1604 Romanorum.

446 1636 583 1672 Diversa
600 1650 617 1670 a
633 1635 788 1670 Tributis
808 1646 905 1670 erant
935 1647 1179 1678 vecrtcAuA,
1207 1648 1282 1682 quae
1304 1635 1356 1670 vel
1380 1636 1519 1678 Portorii‚
1547 1634 1598 1669 vel
1617 1637 1833 1681 Decumarum,

401 1690 438 1721 ὃς
457 1688 625 1729 Scriptum,
650 1683 699 1716 vel
718 1685 808 1725 Salisg
836 1682 888 1717 vel
905 1683 1045 1728 Vicefimae
1064 1683 1201 1716 nomine
1225 1682 1742 1725 exigebantur.--Pomom
1775 1696 1835 1730 pe-

400 1734 506 1766 cunis:
523 1741 629 1772 erant,
657 1742 728 1776 qum
746 1729 967 1776 portitoribus
995 1728 1238 1775 pendebantur,
1264 1729 1299 1763 id
1316 1730 1372 1771 est,
1398 1731 1452 1773 iis,
1479 1731 1539 1776 qui
1558 1728 1729 1764 mercedes
1749 1743 1837 1766 mer·

400 1779 492 1813 cibus
512 1781 545 1812 in
562 1787 695 1824 portum
719 1778 767 1809 vel
790 1788 847 1822 per
869 1787 1006 1822 pontem
1024 1775 1228 1810 devehendis
1247 1776 1694 1820 exigebam—DECVMAE
1716 1780 1835 1822 exige-

401 1827 521 1860 bantur
539 1838 555 1858 a
575 1824 704 1858 civibus
724 1824 896 1865 Romanis,
915 1823 965 1857 vel
982 1824 1095 1857 Latini
1110 1824 1253 1857 nominis
1270 1825 1390 1866 Sociis,
1408 1825 1468 1870 qui
1487 1825 1520 1858 in
1537 1825 1645 1867 Italia,
1667 1823 1720 1858 vel
1739 1835 1834 1860 extra

398 1875 526 1906 Italiam
544 1871 697 1918 publicos
715 1883 812 1914 agros
830 1870 978 1904 arabant.
1020 1870 1058 1904 Id
1078 1872 1166 1904 enim
1186 1869 1287 1904 fiebat
1305 1870 1342 1905 e&
1364 1871 1450 1915 lege,
1475 1882 1512 1905 ut
1529 1870 1689 1905 frumenti
1704 1872 1832 1907 decimas

401 1918 598 1965 penderent.
652 1919 708 1951 Sin
727 1929 806 1950 vcro
824 1919 900 1963 quis
926 1916 1025 1959 silvis,
1052 1917 1100 1950 vel
1123 1916 1246 1963 pascuis
1264 1917 1404 1963 publicis
1435 1919 1500 1951 hoc
1527 1917 1631 1952 modo
1649 1916 1834 1961 frueretur,

401 1966 556 2013 pecunia,
586 1976 658 2010 quae
692 1964 771 1997 inde
800 1963 944 2005 redibat,
976 1975 1176 1999 SCRIPTVRA
1207 1963 1371 2011 adpellari
1400 1964 1832 2001 consuevit—Tertium

400 2011 572 2056 veffigalis
594 2022 696 2054 genus
725 2024 742 2044 e
777 2022 862 2045 sare
889 2009 1030 2044 redibat.
1082 2012 1302 2045 Instituerunt
1332 2013 1422 2046 enirn
1443 2014 1569 2046 Romani
1597 2012 1668 2060 post
1696 2013 1833 2048 exactos

399 2071 504 2103 reges,
531 2069 567 2092 ut
585 2060 642 2092 Sal
657 2070 722 2092 non
745 2069 761 2090 a
782 2059 919 2104 privatis
939 2056 1149 2099 venderetur,
1177 2057 1231 2092 sed
1250 2060 1388 2093 minoris
1406 2071 1423 2092 e
1441 2058 1577 2104 publico
1593 2061 1804 2106 acciperetur
1817 2076 1832 2102 3

400 2101 479 2140 'Hoc
495 2117 573 2138 vero
590 2103 731 2148 veffigal
749 2103 884 2138 demum
903 2104 944 2137 ab
966 2103 1025 2138 usu
1044 2105 1181 2139 recellit.
1235 2107 1372 2140 Diutius
1389 2107 1505 2140 Romae
1523 2107 1557 2139 in
1576 2105 1632 2141 usu
1649 2105 1715 2140 fuit
1732 2118 1833 2152 quar-

399 2163 471 2187 tum
489 2164 591 2195 genus
609 2151 792 2194 vectigalis,
818 2150 909 2198 quod
929 2163 1112 2186 vtceswm
1131 2152 1258 2186 dietum
1278 2168 1288 2192 ;
1311 2153 1456 2195 Qoties
1476 2153 1564 2186 enim
1583 2152 1693 2188 servus
1711 2165 1832 2188 manu-

399 2199 606 2241 mittebatur,
633 2198 684 2233 vel
704 2198 814 2240 herus,
840 2197 891 2231 vel
909 2196 1047 2231 libertus
1063 2197 1226 2244 pendebat
1240 2199 1416 2244 vicefiinam.
1468 2200 1659 2235 Institutum
1675 2211 1748 2236 erat
1765 2200 1832 2235 hoc

400 2246 541 2290 vectigal
560 2248 654 2279 Anno
672 2246 759 2280 V.C.
781 2256 978 2279 cccxcv11.
995 2247 1030 2278 C;
1051 2246 1186 2280 Marcia.
1214 2247 1271 2279 Cn.
1289 2247 1417 2280 Manlio
1432 2245 1698 2282 Coss.—Liv.
1711 2247 1827 2286 Lib.7.

400 2294 533 2328 —-Ab
550 2295 643 2327 altero
658 2293 780 2338 Consule
810 2289 895 2337 (Cn.
914 2291 1069 2336 Manlio)
1097 2294 1173 2326 nihil
1199 2295 1387 2327 memorabile
1406 2294 1534 2339 gestum,
1559 2295 1610 2341 nisi
1635 2296 1710 2341 quod
1732 2297 1829 2339 legem

400 2353 470 2377 novo
487 2341 618 2386 exemplo
633 2341 673 2375 ad
691 2340 823 2377 Sutrium
841 2341 870 2375 in
885 2339 985 2385 castris
1000 2339 1145 2383 tributim,
1167 2339 1203 2375 de
1215 2339 1351 2385 vicesima
1377 2353 1487 2385 eorum,
1512 2343 1562 2389 qui
1577 2343 1829 2379 nnmumitteren-

1763 2397 1826 2431 tur,
