2059 2812
662 155 771 207 Lib.
810 154 895 207 W
966 153 1062 207 Tit.
1099 153 1219 206 XV.
1564 171 1660 225 273

229 259 290 299 rei
312 255 530 298 immobilis
557 254 731 309 dejedhls
750 255 819 302 est,
847 253 1005 307 ejusque
1024 252 1172 293 haeredi
1202 252 1384 293 adversus
1414 253 1664 308 dejicientem

228 323 279 363 ad
311 319 593 362 restituendam
625 318 894 372 poffeffionem
925 332 1010 358 cum
1038 316 1236 357 fructibus
1267 331 1311 357 ac
1338 317 1447 357 omni
1475 318 1666 366 utilitate,

229 386 492 437 damnumque
512 382 739 438 dejiciendo
759 382 894 422 datum
923 380 1230 430 relarciendum,
1257 386 1292 422 ὅ(
1310 380 1336 420 fi
1361 380 1555 435 poffidere
1573 380 1667 422 defi-

228 448 308 488 erit
328 446 379 487 ad
398 447 440 486 id
460 447 634 487 interest.

290 517 325 551 8.
357 509 577 550 Interdieta
597 521 665 550 aut
679 508 866 561 simplicia
880 508 983 555 sunt,
1002 515 1070 546 aut
1085 505 1552 559 duplicia.-Simplicia
1566 505 1668 555 sunt,

229 573 356 612 veluti
384 573 425 611 in
445 571 587 624 quibus
613 571 714 610 alter
741 571 884 619 Adtor,
912 567 1012 608 alter
1039 579 1127 606 reus
1153 568 1234 618 est3
1265 566 1397 620 qualia
1416 566 1504 606 sunt
1535 568 1668 607 omnia

229 636 471 688 restitutoria,
502 645 570 675 aut
600 633 832 673 exhzbitoria.
922 631 1093 685 Duplicia
1111 630 1211 678 fimt,
1248 629 1375 669 veluti
1404 631 1462 669 uti
1482 629 1670 683 poſjidetis

230 698 492 739 interdicTtmn
513 703 546 738 ὃ(
565 695 726 736 vtruhi.
784 693 883 734 Ideo
906 704 1039 732 autem
1059 692 1234 744 duplicia
1254 702 1462 740 vocantur,
1487 692 1578 744 quia
1601 704 1672 745 par

231 761 431 814 utriusque
450 760 667 813 litigatoris
687 760 727 797 in
756 757 816 795 his
843 756 1026 796 conditio
1047 757 1114 802 est,
1144 768 1216 793 nec
1236 753 1440 807 quisquam
1470 755 1673 809 praecipue

232 839 320 866 reus
337 826 399 867 vel
415 827 542 866 Aecor
561 823 831 876 intelligitur5
859 820 926 861 sed
947 819 1209 873 unusquisque
1225 829 1306 860 tam
1323 821 1396 868 rei,
1414 831 1534 873 quam
1550 818 1673 859 Aeco-

231 889 285 928 ris
311 899 444 944 partes
471 886 647 928 sustinet.

747 995 792 1043 T
830 1010 851 1044 1
892 1010 941 1043 T.
1017 993 1158 1042 XVI.

510 1101 590 1155 De
624 1102 773 1151 Poena
810 1098 1014 1152 Temere
1044 1097 1392 1163 Litigantium.

293 1226 326 1249 1.
357 1208 525 1249 Interest
558 1206 812 1261 Reipublicae
841 1218 890 1244 ne
921 1214 1071 1244 temere
1100 1204 1150 1244 ad
1184 1203 1424 1258 litigandum
1454 1201 1679 1257 procedant

235 1273 429 1313 homines,
489 1272 596 1312 Hinc
624 1277 658 1312 ὃ(
679 1270 853 1310 Romani
884 1268 1154 1308 temeritatem
1181 1267 1430 1322 litigantium
1450 1268 1597 1322 partim
1621 1267 1678 1320 ju-

237 1335 453 1390 risjurandi
487 1334 697 1388 religione,
725 1333 871 1387 partim
904 1332 1132 1385 pecuniaria
1161 1344 1300 1386 poena,
1326 1332 1477 1386 partim
1504 1329 1679 1372 infamiae

237 1408 348 1438 metu
368 1405 643 1438 coercuerunt.

236 1507 383 1541 MATIS
399 1506 526 1547 dejectus
537 1504 588 1550 fis,
614 1506 644 1538 in
657 1515 723 1538 eam
741 1503 909 1550 restituare.
950 1507 987 1539 In
1003 1506 1053 1539 hoc
1067 1503 1226 1538 Interdibio
1242 1513 1298 1537 non
1308 1501 1388 1548 sblet
1404 1502 1488 1546 addi,
1513 1503 1567 1537 IN
1580 1501 1680 1537 HOC

237 1555 375 1588 ANNO.
429 1553 544 1599 Qare
554 1551 579 1596 fi
589 1553 656 1592 jam
669 1553 832 1592 biennium,
858 1561 914 1586 aut
925 1554 1084 1585 triennium
1101 1550 1152 1596 est,
1178 1560 1246 1584 cum
1260 1552 1367 1585 virtuti
1384 1552 1523 1585 nuntium
1536 1546 1677 1595 remt'fisti,

238 1602 379 1635 delinitus
397 1599 534 1633 illecebris
549 1599 725 1642 voluptatis,
750 1598 780 1631 in
794 1600 911 1643 integro
928 1611 974 1632 res
988 1599 1064 1632 nobis
1085 1599 1155 1631 erit.

375 1697 536 1766 JUS
569 1695 1196 1750 ANGLICANUM.
1226 1698 1538 1749 adnexv.

290 1809 554 1845 Interdiuorum
573 1807 647 1843 usus
662 1809 734 1855 jure
751 1807 846 1843 civili
862 1807 933 1854 jam
951 1807 1034 1842 olim
1054 1807 1241 1853 expiravit:
1281 1806 1328 1840 ita
1345 1815 1382 1839 ut
1398 1804 1500 1839 hodie
1525 1805 1682 1839 Affiones

244 1862 279 1894 &
301 1856 486 1892 1merdi<sta
505 1855 590 1890 nihil
608 1854 693 1902 apud
711 1856 781 1901 ejus
799 1855 960 1889 Alumnos
981 1854 1155 1889 differant.
1206 1853 1279 1887 Illis
1295 1854 1458 1887 Praetores
1475 1852 1619 1886 Romani
1637 1851 1679 1886 ad

241 1904 509 1946 tumultuariam,
533 1906 569 1938 δε
589 1904 798 1950 repentinam
816 1901 1026 1944 violentiam,
1054 1901 1217 1948 praecipue
1232 1901 1320 1934 circa
1338 1898 1560 1947 possessiones,
1577 1900 1683 1944 repri-

244 1950 400 1987 mendam
420 1961 457 1985 ut
484 1950 666 1996 plurimum
686 1948 730 1984 usl
749 1949 845 1984 sunt:
881 1961 914 1984 at
934 1951 967 1984 in
998 1949 1050 1983 his
1069 1947 1173 1983 causis
1198 1948 1342 1994 majores
1369 1946 1469 1980 nostri
1492 1945 1621 1993 judices
1640 1945 1678 1980 ad

243 1998 450 2034 audiendum
470 2001 506 2033 &
536 1996 787 2031 terminandum
810 2013 821 2038 3
856 2007 912 2031 aut
929 1998 1031 2032 etiarn
1058 1995 1098 2030 ad
1117 1992 1232 2030 Affisas
1259 1993 1438 2041 capiendas
1455 1992 1682 2036 delegabant;

243 2046 363 2092 eosque
383 2058 448 2079 non
469 2045 559 2079 statis
580 2043 786 2091 temporibus
801 2043 843 2078 ad
860 2042 1100 2079 controverfias
1119 2040 1283 2077 universas
1306 2039 1510 2086 dirimendae
1527 2050 1563 2074 ut
1581 2049 1681 2082 nunc,-

244 2093 301 2128 sed
317 2092 361 2128 ad
392 2091 571 2140 quodlibet
600 2090 799 2139 particulare
829 2090 1010 2134 diffidium,
1037 2103 1136 2138 quam
1163 2091 1310 2137 primum
1329 2088 1520 2135 pullularet,
1545 2100 1682 2135 compo-

243 2140 404 2183 nendum,
431 2137 684 2186 sedandumque
702 2138 896 2173 emiserunt.
949 2141 1014 2173 Uti
1034 2150 1122 2173 nunc
1149 2149 1202 2171 res
1221 2137 1308 2179 sunt,
1335 2135 1527 2183 hujusmodi
1546 2136 1681 2178 negotia

246 2186 297 2220 vel
330 2199 388 2234 per
415 2187 584 2229 Aetiones,
611 2186 662 2220 vel
689 2184 836 2230 decreta,
864 2198 937 2233 quae
963 2186 1076 2221 brevia
1101 2183 1274 2232 judicialia
1299 2183 1455 2226 dicimus,
1484 2191 1540 2217 aut
1567 2181 1679 2215 saltem

245 2234 469 2268 vicecomitis
487 2237 522 2268 &
542 2233 812 2281 Justiciariorum
840 2234 882 2268 ad
906 2245 1021 2281 pacem
1040 2235 1075 2267 in
1094 2231 1248 2280 quolibet
1266 2232 1430 2265 comitatu
1445 2228 1679 2265 Praefee‘cm-um

247 2292 314 2326 ope
332 2278 565 2326 expediuntur.

904 2391 951 2426 M
979 2400 1017 2425 m
1338 2400 1358 2423 2
1367 2415 1376 2424 .
1405 2382 1686 2438 Jusjurandum
