2059 2812
621 150 734 201 Lu.
770 148 833 199 Π.
907 149 1003 203 Tit.
1042 147 1185 201 XIV.
1520 169 1617 220 119

249 268 286 302 5.
318 250 386 292 Ad
403 258 537 289 certum
559 248 697 288 modum
729 246 934 301 prohibita
966 248 1021 288 est
1048 247 1247 288 institutio
1282 246 1590 290 incestuosorum
1607 272 1619 301 3

194 316 538 362 Adusterinorum,
570 327 643 353 nec
662 326 743 352 non
762 311 1017 351 naturalium.

246 388 281 421 6.
312 379 471 426 Incerti,
488 376 790 422 Univerfitates,
820 375 1000 423 coelibes,
1019 374 1125 414 Orbi
1145 374 1267 414 hodie
1287 379 1395 418 redte
1414 378 1622 420 instituun-

187 453 267 490 tur,
294 441 388 480 licet
408 441 504 481 olim
525 454 606 479 non
623 448 843 491 potuerint.

243 521 278 550 7.
310 506 420 544 Servi
446 503 622 543 haeredes
640 501 716 541 esse
744 510 946 553 poterant,
974 500 1049 539 five
1069 500 1204 547 alieni,
1231 498 1307 539 five
1326 504 1498 554 proprii.
1559 505 1622 545 Illi

186 568 277 621 quia
306 566 581 607 haereditatem
617 564 878 618 adquirebant
915 563 1086 605 dominis
1123 562 1234 602 adire
1265 563 1504 616 jubentibus.
1563 568 1624 607 Hi

185 630 278 682 quia
310 630 538 669 libertatem
567 627 677 668 fimul
701 627 1060 680 consequebantur,
1087 630 1123 667 ὅ(
1142 625 1190 667 fic
1208 626 1357 666 fiebant
1374 627 1622 669 haereditatis

185 705 358 744 capaces,

243 759 277 796 8.
310 755 441 795 Potest
459 755 580 795 etiam
596 753 779 793 Testator
798 752 862 791 vel
880 764 1016 801 unum,
1036 751 1100 792 vel
1118 752 1261 803 plureS,
1279 749 1344 791 vel
1363 759 1428 790 tot
1446 751 1623 794 hae-redes

183 817 328 868 facere,
357 828 456 871 quot
475 819 576 866 vult,
605 816 700 856 dum
725 825 857 856 tamen
876 814 1098 855 multitudo
1127 815 1194 855 illa
1221 814 1517 854 institutionem
1537 830 1620 856 non

186 880 325 920 reddat
345 879 593 919 derisoriam.
620 889 624 892 ’

239 957 275 989 9.
306 941 463 981 Poterit
483 954 581 996 ergo
600 942 786 982 Testator
813 940 936 980 etiam
963 948 1026 978 tot
1051 936 1181 978 facere
1207 946 1338 991 partes
1356 938 1621 989 haereditatis,

182 1014 283 1057 quot
302 1005 401 1044 vult.
466 1003 705 1057 Plerumque
734 1015 866 1043 tamen
885 1000 1094 1043 haereditas
1114 1002 1154 1041 in
1178 1015 1239 1042 12.
1255 1011 1386 1054 partes
1404 1000 1469 1040 seu
1488 1003 1621 1043 uncias

180 1067 398 1116 dividitur,
437 1081 524 1121 quae
556 1068 636 1109 assis
667 1067 936 1122 appellatione
967 1065 1244 1106 continentur.
1299 1067 1458 1105 Sextans
1488 1075 1621 1106 autem

229 1170 517 1216 Univerfitates‚]
559 1170 646 1204 Plin.
668 1169 772 1215 Epist.
795 1168 872 1203 Lib.
896 1180 925 1213 5.
952 1171 1013 1214 Ep.
1031 1181 1062 1207 7.
1155 1175 1220 1203 Nec
1245 1174 1385 1204 haeredem
1410 1172 1533 1214 institui,
1567 1186 1620 1207 nec

177 1220 329 1264 percipere
343 1218 417 1263 poffe
435 1218 662 1261 Rempublicam
687 1215 819 1261 constat:
856 1217 1037 1250 Saturninus
1053 1225 1167 1257 autem,
1194 1217 1246 1260 qui
1263 1228 1313 1249 nos
1338 1218 1462 1259 reliquit
1480 1219 1619 1260 haeredes,

185 1266 384 1311 quadrantem
404 1266 581 1308 Reipublicae
599 1263 705 1306 nostra,
732 1264 834 1295 deinde
847 1273 898 1305 pro
915 1263 1084 1306 quadrante
1095 1264 1317 1306 preceptionem
1333 1264 1619 1307 quadringentorum

187 1313 309 1346 millium
329 1312 422 1344 dedit.
476 1310 558 1351 Hoc,
577 1309 677 1353 firjus
695 1308 832 1351 aspicias,
858 1309 1002 1341 irritum:
1033 1308 1059 1352 fi
1087 1308 1218 1351 defunt‘ii
1244 1310 1440 1350 voluntatem,
1465 1319 1566 1344 ratum
1583 1312 1622 1346 (θ’

176 1360 297 1404 firmum
316 1357 363 1400 est.
416 1356 501 1390 Mihi
523 1365 626 1389 autem
640 1354 785 1398 Defunui'
809 1356 943 1388 voluntas
964 1357 1080 1394 (vereor
1096 1366 1188 1399 quam
1215 1356 1246 1388 in
1259 1364 1379 1398 partem
1397 1354 1621 1400 Juriseonsulti,

183 1405 259 1450 quod
268 1404 337 1448 sum
353 1405 495 1443 ditemus,
513 1403 681 1447 accipiant)
699 1401 849 1446 antiquior
858 1404 928 1443 jure
945 1400 993 1443 cli,
1013 1403 1115 1445 utique
1133 1401 1163 1434 in
1180 1414 1211 1434 eo
1228 1403 1303 1445 quod
1317 1402 1356 1435 ad
1374 1413 1552 1436 communem
1562 1412 1620 1447 pa-

183 1453 276 1485 triam
296 1451 389 1485 voluit
401 1452 567 1494 pervenire.
619 1451 708 1482 Dum
726 1460 806 1481 vero
824 1447 1067 1481 Univerfitates
1086 1447 1231 1481 haeredes
1253 1447 1381 1481 institui
1400 1448 1543 1494 potuisse
1564 1461 1622 1483 ne-

184 1506 275 1541 gant,
303 1495 564 1540 intelligendum
590 1494 626 1529 id
644 1494 688 1528 est
706 1493 748 1528 de
768 1495 968 1539 Municipiis
984 1497 1020 1528 &
1039 1493 1204 1536 Collegiis
1220 1495 1454 1528 Romanorum
1475 1497 1619 1542 imperio

185 1543 352 1590 subjed’cis,
387 1557 453 1578 non
482 1541 524 1576 de
553 1540 763 1583 civitatibus,
798 1553 870 1587 quae
893 1542 967 1587 jure
992 1539 1065 1583 suo,
1096 1539 1293 1585 legibusque
1321 1540 1509 1575 utebantur.
1562 1544 1619 1577 Sic

184 1590 273 1637 apud
293 1591 407 1624 Tacit.
425 1589 611 1625 Annal.IV.
630 1589 864 1636 43.-—Tunc
882 1592 1014 1622 trauatae
1029 1587 1257 1633 Maſs’ilienfium
1268 1597 1384 1631 preces,
1406 1589 1621 1635 probatumque

186 1641 222 1672 P.
239 1639 350 1672 Rutilii
368 1640 557 1682 exemplum3
583 1648 710 1681 namque
728 1648 793 1671 cum
810 1637 921 1681 legibus
937 1635 1065 1680 pulsum,
1085 1637 1179 1670 civem
1188 1634 1243 1680 fibi
1262 1635 1400 1683 Smyrnaei
1418 1636 1597 1670 addiderant
1614 1654 1625 1679 3

185 1697 241 1730 quo
265 1687 335 1726 jure
360 1686 513 1719 Vulcatius
532 1684 674 1728 Moschus
701 1685 772 1717 exul
793 1684 824 1717 in
847 1681 1047 1726 Maſsilienses
1073 1691 1204 1726 receptus
1231 1683 1369 1717 BONA
1395 1684 1484 1717 SVA
1510 1684 1575 1719 RE
1587 1685 1620 1719 I-

185 1732 426 1768 PVBLICAE
453 1731 654 1772 EORVM,
681 1730 745 1765 VT
765 1730 963 1766 PATRJAE
990 1729 1459 1778 RELJQERAT.——-

233 1791 392 1836 coelibes,
419 1792 530 1838 Orbi]
564 1794 642 1838 Juv.
660 1792 726 1825 Sat.
746 1794 806 1826 IX.
822 1791 918 1836 v.85.

867 1839 987 1872 Foribus
998 1837 1143 1884 suspende
1161 1849 1299 1872 coronas.-

515 1885 596 1931 Jam
612 1888 706 1921 Pater
724 1898 753 1919 es
767 1900 776 1918 .·
804 1885 935 1919 dedimus
955 1887 1030 1930 quod
1041 1884 1132 1929 faune
1150 1894 1287 1929 opponere
1299 1884 1386 1929 poffis

518 1932 604 1979 Jura
621 1933 760 1967 Parentis
776 1933 886 1972 habes;
905 1941 1026 1977 propter
1043 1944 1089 1966 me
1106 1933 1334 1967 SCRIBERIS
1361 1932 1544 1975 HAERES,

516 1983 674 2025 Legatum
693 1991 776 2014 omne
793 1981 887 2024 capis,
913 1990 964 2014 nec
981 1991 1036 2015 non
1056 1978 1093 2014 &²
1114 1980 1198 2013 dulce
1216 1979 1373 2014 caducum.

234 2040 424 2077 Haereditas
440 2042 475 2076 in
496 2054 549 2077 12.
568 2051 676 2088 partes
693 2038 746 2075 stu
762 2041 878 2074 uncias
893 2038 1076 2086 dividitur]
1105 2042 1190 2074 Hor.
1211 2039 1253 2074 de
1272 2043 1343 2075 Art.
1361 2040 1459 2074 Poet.
1478 2049 1596 2086 v.325.

521 2090 651 2124 Romani
664 2089 751 2132 pueri
765 2089 855 2132 longis
872 2089 1036 2122 rationibus
1053 2090 1084 2122 A
1093 2089 1116 2121 S
1126 2089 1187 2122 SE
1197 2088 1243 2122 M

519 2136 648 2177 Discunt
664 2138 695 2169 in
708 2144 811 2180 partes
827 2144 945 2169 centum
962 2135 1110 2169 diducere.
1162 2137 1263 2169 Dicat

524 2184 615 2217 Filius
632 2183 750 2224 Albini,
767 2182 793 2227 fi
807 2182 841 2215 de
858 2182 1180 2229 QINCVNCE
1205 2190 1318 2216 remota
1337 2180 1374 2226 est

520 2230 684 2270 VNCIA,
708 2229 801 2276 Qd
810 2227 955 2274 superet?
991 2231 1113 2264 Poterat
1130 2229 1245 2273 dixisse,
1264 2228 1384 2262 TRIE
1394 2229 1474 2262 NS.-
1500 2227 1570 2261 Eu!

519 2278 595 2310 Rem
607 2277 718 2320 poteris
726 2278 850 2321 servare
865 2276 984 2312 Tuam:
1011 2277 1088 2312 redit
1102 2277 1208 2313 Uncia
1227 2292 1238 2321 5
1306 2276 1356 2308 uid
1364 2276 1405 2318 fit
1417 2279 1431 2307 ἓ

191 2366 267 2415 Juv.
288 2366 355 2404 Sat.
372 2368 400 2404 Ι.
421 2379 451 2404 v.
468 2378 524 2414 40.
1335 2361 1622 2402 VNCIOLAM
