2059 2812
409 139 508 190 126
809 132 1068 184 Elementa
1099 130 1253 197 Jurz's.
1273 133 1443 186 Civilis

458 251 494 275 2.
528 232 730 287 Rumpitur
758 231 1082 278 Testamentum,
1124 243 1247 282 quum
1280 233 1322 271 in
1355 233 1495 275 eodem
1530 235 1631 274 statu
1662 243 1844 274 manente

405 297 594 336 testatore
634 292 752 345 ipfius
794 292 1016 332 testamenti
1054 292 1115 344 jus
1157 292 1337 332 vitiatur.
1405 295 1530 348 quue
1560 298 1603 337 fit
1631 310 1701 349 per
1730 309 1846 349 agna-

404 356 559 396 tionem
591 353 781 402 Postumi,
819 352 884 393 vel
916 353 1137 400 naturalem,
1175 351 1201 392 fi
1231 353 1356 393 haeres
1388 354 1475 394 suus
1503 360 1590 408 post
1622 356 1846 397 testamenti

402 417 620 456 fauloni-em
641 414 815 455 nascitur
831 435 843 466 3
888 414 953 454 vel
973 414 1130 463 civilem,
1158 413 1184 453 fi
1205 416 1370 454 testator
1388 416 1452 455 vel
1471 429 1647 470 arrogat,
1676 418 1740 457 vel
1761 416 1847 456 des-

402 477 637 517 cendentem
659 476 840 529 adoptat,
869 475 933 516 vel
959 476 1179 515 naturalem
1198 474 1413 529 legitimat,
1442 478 1505 519 vel
1531 492 1656 531 nepos
1673 478 1847 520 succedit

403 539 443 578 in
465 539 597 578 locum
617 538 677 577 sui
696 536 876 577 haeredis,

464 616 496 648 3.
527 599 640 639 Idem
659 600 704 638 fit
723 607 875 637 mutata
893 597 1095 636 testatoris
1112 597 1334 647 voluntate,
1363 599 1438 640 five
1467 600 1549 653 ipse
1568 615 1718 642 novum
1736 603 1849 642 testa-

403 670 581 699 mentum
598 660 687 713 jure
707 657 894 711 perfecto
913 656 1076 706 condat,
1103 657 1181 699 five
1198 658 1308 712 prius
1326 661 1602 701 testamentum
1622 675 1754 703 coram
1775 663 1850 702 tri-

403 721 474 759 bus
489 719 539 760 ad
554 720 764 760 minimum
780 718 941 759 testibus
961 720 1178 769 revocarit,
1199 722 1478 775 accefferitque
1493 722 1621 776 lapsus
1637 723 1845 774 decennii3

401 780 477 822 five
496 780 607 834 prius
626 780 865 830 aboleverit,
895 780 1107 830 deleverit,
1137 780 1357 831 induxerit,
1386 783 1719 837 superscripserit.

454 857 495 892 4.
524 843 769 895 [imperfecto
788 853 922 882 autem
941 844 1193 892 testament02
1221 852 1287 882 aut
1308 843 1414 884 nuda
1432 845 1635 885 contraria
1653 844 1852 886 testatoris

402 903 610 943 voluntate
639 902 862 956 perfeetum
892 905 1165 944 testamentum
1196 918 1278 943 non
1308 906 1543 949 infirmatur,
1602 907 1717 947 Adeo
1735 916 1848 946 utne

404 965 594 1019 Princeps
613 965 774 1017 quidem
795 979 842 1004 ex
868 964 1109 1017 imperfecto
1128 966 1364 1005 testamento
1384 969 1528 1021 capiat,
1556 968 1626 1008 nisi
1643 968 1714 1008 fint
1734 968 1850 1008 testa-

403 1035 535 1066 menta
554 1025 806 1079 imperfecta,
835 1039 923 1079 quae
943 1040 1017 1079 pro
1037 1026 1226 1079 perfectis
1246 1027 1457 1077 habentur,
1487 1040 1531 1068 ut
1554 1029 1748 1079 militum,
1779 1033 1849 1069 Pa-

403 1097 562 1127 rentum
582 1087 688 1126 inter
706 1086 872 1136 liberos,
901 1102 973 1128 nec
992 1101 1074 1127 non
1096 1088 1135 1126 in
1155 1088 1298 1139 quibus
1322 1088 1461 1142 scripti
1488 1090 1577 1131 sunt
1606 1090 1781 1131 haeredes
1800 1090 1848 1130 ab

405 1149 592 1188 intestato
616 1147 838 1189 successuri.
894 1148 993 1187 Divi
1014 1147 1119 1186 enim
1145 1149 1364 1187 Pertinacis
1389 1151 1574 1188 oratione
1603 1162 1760 1190 cautum
1779 1152 1848 1199 est,

404 1222 454 1247 ne
470 1207 563 1246 alias
585 1206 731 1245 tabulae
751 1206 904 1258 priores
925 1209 1012 1260 jure
1037 1206 1151 1246 faecae
1171 1207 1298 1248 irritae
1314 1210 1424 1258 fiant,
1451 1209 1522 1250 nifi
1541 1209 1745 1264 sequentes
1760 1212 1849 1265 jure

404 1268 600 1309 ordinatae
628 1273 663 1309 ὃς
689 1267 879 1321 perfe<stae
912 1269 1078 1309 fuerint.
1136 1267 1287 1309 Endem
1315 1271 1500 1312 oratione
1526 1272 1727 1325 expreffit,
1767 1289 1848 1315 non

452 1378 516 1411 Per
532 1376 749 1420 agnationem
763 1377 908 1411 Postumi
925 1377 942 1420 ]
984 1377 1058 1411 Cic.
1084 1389 1144 1424 pro
1160 1380 1199 1412 A.
1217 1377 1372 1422 Coecina,
1399 1382 1426 1422 §.
1441 1380 1659 1419 72.-——Hoc
1676 1393 1730 1415 non
1743 1382 1846 1428 potest,

406 1426 453 1458 cui
472 1424 556 1469 filius
580 1432 709 1468 agnatus
725 1424 776 1469 fit,
803 1427 864 1466 ejus
880 1425 1087 1465 testamentum
1107 1438 1161 1459 non
1182 1425 1236 1468 effe
1255 1436 1387 1469 ruptum.
1400 1429 1520 1460 ——Et
1538 1426 1615 1460 Lib.
1635 1439 1666 1461 1.
1688 1426 1730 1462 de
1748 1430 1844 1463 Orat.

406 1470 527 1516 Constat
547 1470 730 1516 agnascendo
746 1473 842 1515 rumpi
859 1471 1077 1515 testamentum.

454 1515 560 1552 Nuda
587 1517 754 1551 contraria
786 1518 952 1551 testatoris
985 1518 1157 1551 voluntate
1188 1516 1374 1563 perfeetum
1400 1519 1634 1553 testamentum
1659 1533 1726 1554 non
1754 1522 1848 1557 infir·

406 1563 540 1609 matur]
580 1563 666 1597 Plin.
691 1564 790 1609 Epist.
813 1563 886 1597 Lib.
909 1576 937 1608 5.
965 1566 1027 1610 Ep.
1048 1576 1076 1610 5.
1171 1567 1272 1609 Angit
1288 1578 1335 1600 me
1351 1565 1435 1611 super
1452 1567 1503 1612 ista
1531 1568 1616 1612 casus
1635 1568 1744 1613 ipſsa-53
1780 1571 1847 1604 De-

405 1611 486 1655 ceffit
500 1612 593 1645 veteri
610 1609 780 1654 testamento
794 1625 804 1644 .·
830 1611 920 1656 omisit
935 1623 1004 1656 quos
1022 1611 1155 1647 maxime}
1173 1612 1318 1657 diligebat
1336 1630 1346 1655 3
1366 1614 1536 1660 prosecutus
1554 1614 1604 1660 cst,
1630 1617 1734 1661 quibus
1752 1616 1844 1660 offen-

399 1660 458 1705 fior
475 1666 554 1691 erat.
1208 1703 1210 1706 y

455 1705 534 1738 Divi
553 1703 643 1737 enIm
666 1704 853 1738 Pertinacis
871 1706 1025 1739 oratione
1043 1716 1177 1740 cautum
1196 1705 1266 1752 est]
1305 1705 1462 1741 Solebant
1476 1706 1558 1742 olim
1576 1709 1751 1756 Principes
1769 1722 1846 1744 ora-

408 1753 518 1786 tiones
544 1752 577 1784 in
599 1752 720 1785 Senatu
747 1749 882 1795 habere,
908 1762 964 1786 aut
982 1752 1118 1799 scriptas
1135 1753 1175 1787 ad
1195 1752 1344 1787 senatum
1364 1750 1513 1796 mittere,
1540 1756 1573 1788 in
1601 1768 1744 1802 quarum
1773 1755 1847 1791 sen-

408 1800 550 1833 tentiam
579 1796 869 1833 senatusconsulta
898 1800 1393 1847 concipiebantur.——-Tacit.
1411 1802 1528 1836 AnnaI.
1554 1802 1629 1836 Lib.
1648 1815 1679 1836 2.
1701 1815 1770 1849 cap.
1788 1816 1844 1849 25.

408 1851 438 1881 O
447 1847 508 1880 RA
518 1845 570 1879 TI
576 1848 605 1879 Ο
614 1846 683 1880 NE
693 1846 740 1880 M
760 1847 904 1891 Principis
912 1847 1016 1892 secuto
1029 1850 1156 1882 Parrum
1171 1847 1296 1893 consulto
1310 1849 1404 1883 Primi
1421 1849 1518 1884 AEdui
1536 1853 1713 1884 Senatorum
1726 1853 1757 1884 in
1774 1853 1845 1885 urbe

403 1897 451 1938 jm
471 1894 571 1936 adepti
586 1892 664 1934 funt.
715 1896 824 1939 Atque
845 1894 895 1928 hae
918 1896 1107 1942 principum
1136 1897 1319 1929 Orationes
1340 1898 1443 1930 etiam
1461 1896 1718 1941 Senatusconsulta
1737 1899 1846 1931 nomi-

409 1949 545 1981 nantur,
572 1938 777 1985 quandoque
791 1941 894 1975 etiarn
914 1943 1024 1986 Leges.

458 1986 584 2021 Eadem
604 1987 760 2020 oratione
777 1988 930 2033 expreffit
948 2001 1013 2022 non
1031 1989 1248 2024 admiffurum
1268 1989 1299 2024 se
1326 1989 1559 2024 haereditatem
1577 1989 1670 2037 ejus]
1712 1991 1845 2027 Primus

409 2034 560 2080 Augustus
578 2032 728 2077 flagitare
744 2031 872 2069 solebat
886 2036 926 2069 ab
942 2037 1059 2070 amicis
1076 2037 1139 2070 hoc
1157 2037 1399 2072 benevolentiae
1413 2037 1651 2079 testimonium,
1673 2042 1710 2073 &
1726 2050 1843 2073 eorum

411 2081 563 2129 suprema
588 2080 711 2125 judicia
728 2080 943 2117 morofiffime
964 2083 1160 2128 penfitabat‚
1187 2097 1297 2131 neque
1316 2083 1432 2117 dolore
1450 2083 1652 2118 diffimularo
1671 2084 1693 2118 fi
1713 2087 1844 2132 parcius

411 2138 469 2163 aut
493 2129 577 2162 citra
595 2128 756 2163 honorem
773 2128 948 2163 verborum
965 2147 975 2171 3
1015 2143 1122 2176 neque
1140 2131 1262 2174 gaudio
1283 2131 1306 2164 fi
1324 2132 1416 2174 grate
1443 2132 1564 2177 pieque
1584 2133 1661 2177 quis
1681 2131 1710 2166 se
1728 2132 1844 2179 prose-

411 2185 537 2222 quutus
555 2173 678 2210 fuiffet.
731 2177 821 2210 Suet.
839 2179 927 2220 Aug.
947 2189 1018 2224 cap.
1035 2183 1091 2212 66.
1145 2179 1233 2211 Huic
1248 2179 1337 2211 idem
1356 2178 1536 2212 Suetonius
1551 2190 1622 2224 cap.
1637 2191 1711 2214 101.
1730 2179 1844 2223 refert,

413 2224 534 2266 viginti
550 2224 714 2270 proximis
729 2232 809 2257 ante
824 2222 957 2258 obitum
971 2226 1064 2258 annis
1077 2237 1154 2259 eum
1170 2224 1430 2270 quatuordecies
1447 2224 1567 2259 millies
1581 2237 1621 2259 ex
1639 2226 1844 2261 testamentis

413 2269 607 2318 percepiffe.
659 2272 719 2305 Ne
746 2281 857 2305 tamen
879 2281 1009 2317 captare
1026 2270 1198 2306 videretur
1227 2271 1450 2315 haereditates,
1476 2283 1532 2306 aut:
1563 2284 1679 2319 parum
1707 2274 1844 2308 honesta

413 2317 633 2353 institutionis
659 2317 752 2353 causa
776 2315 932 2354 subesset:
971 2330 1032 2353 nec
1049 2318 1089 2353 ab
1108 2320 1233 2363 ignotis
1262 2319 1466 2354 admittebat
1494 2319 1720 2364 haereditates,
1745 2332 1806 2402 nge
1824 2333 1843 2355 a

1634 2376 1766 2414 parentl
1792 2380 1843 2412 us,
