2059 2812
418 153 521 204 142
810 130 1075 183 Elementa*
1105 127 1268 197 Juris'·
1289 131 1460 184 Civile

926 232 971 280 T
1008 246 1028 280 1
1069 247 1119 280 T.
1191 231 1331 281 XXI.

484 336 564 385 De
599 329 933 400 Ademptione
969 328 1042 391 &
1081 328 1425 397 Translatione
1462 329 1772 397 Legatorum.

474 447 507 473 1.
543 437 693 485 Legata
711 430 813 483 saepe
837 428 1135 482 extinguuntur,
1163 427 1412 476 adimuntur,
1438 427 1742 470 transferuntur.

470 509 508 535 2.
537 492 801 547 Extinguitur
825 492 1011 545 legatum.
1077 505 1109 531 1.
1140 490 1241 529 Cum
1270 489 1481 546 legatarius
1508 500 1598 530 ante
1627 494 1853 533 testatorem

414 558 602 598 moritur.
662 572 699 596 2.
730 555 769 595 Si
796 564 888 595 ante
914 553 1144 593 existentem
1172 553 1446 594 conditionem
1466 553 1688 596 decesserit.
1751 571 1785 604 3.
1814 556 1856 594 Si

416 632 477 659 res
497 634 545 660 ex
562 619 639 658 alia
659 616 773 658 causa
795 615 988 657 lucrativa
1009 614 1059 654 ad
1079 615 1314 668 legatarium
1335 616 1531 669 pervenit.
1587 632 1626 664 4.
1659 618 1701 658 Si
1719 631 1781 659 res
1799 619 1856 657 le-

414 693 505 736 gata
523 691 677 735 pereat,
705 680 768 720 vel
787 679 984 720 eximatur
1003 679 1245 720 commercio
1266 679 1344 719 fine
1368 679 1482 733 culpa
1503 678 1683 722 haeredis.
1746 698 1782 730 5.
1814 682 1854 721 Si

414 743 690 782 testamentum
721 740 890 788 nullum,
918 749 1096 792 ruptum,
1134 740 1347 780 irritumve
1379 740 1439 788 fit,
1475 754 1557 780 non
1585 741 1614 781 fi
1642 741 1854 784 resciffum.

417 812 453 844 6.
485 805 526 844 Si
547 802 732 844 conditio
751 800 961 842 defecerit.

476 884 508 917 3.
540 867 749 909 Adimitur
768 870 962 920 Legatum
982 865 1046 904 vel
1070 865 1147 919 ipso
1162 866 1261 920 jure,
1290 866 1353 906 vel
1381 875 1441 921 ope
1458 868 1707 921 Exceptionis.

470 945 510 979 4.
541 931 624 985 Ipso
644 931 747 986 jure,
776 942 863 970 cum
882 929 1047 969 testator
1068 929 1318 974 voluntatem
1346 930 1453 970 suam
1470 942 1611 972 mutat.
1668 931 1857 972 Ambula-

415 995 522 1033 toria
540 992 647 1033 enim
665 994 720 1033 est
749 990 923 1031 hominis
948 990 1144 1038 voluntas,
1175 990 1240 1039 (id
1264 992 1332 1039 est,
1361 1005 1443 1032 non
1472 992 1514 1030 in
1534 1005 1617 1033 uno
1642 995 1744 1034 statu
1767 1006 1859 1046 per-

416 1066 562 1104 manet,
591 1055 657 1096 sed
675 1055 717 1094 in
737 1055 863 1096 varias
885 1052 1148 1108 progreditur
1175 1051 1411 1109 sententias)
1443 1054 1492 1094 ad
1519 1064 1739 1097 extremum
1763 1056 1856 1097 vitae

414 1119 595 1165 halitum.

470 1197 508 1228 5.
529 1186 727 1223 Mutatam
746 1191 879 1221 autem
893 1180 1145 1219 voluntatem
1161 1179 1337 1219 declarat
1352 1181 1536 1221 Testatos
1556 1181 1619 1221 vel
1637 1181 1759 1222 verbis
1772 1184 1860 1237 qui-

414 1244 640 1297 buscunque
664 1256 798 1284 coram
818 1243 995 1297 quinque
1013 1241 1174 1283 testibus
1192 1253 1325 1283 tamen
1349 1243 1492 1285 faustis:
1529 1244 1592 1284 vel
1605 1244 1736 1298 saitis,
1764 1257 1809 1286 ut
1831 1246 1859 1287 fi

414 1307 599 1350 consulto
631 1306 827 1347 deleverit
857 1307 1056 1362 legatum:
1098 1305 1163 1346 vel
1194 1306 1304 1347 nulla
1333 1307 1556 1348 necestitate
1587 1307 1762 1363 legatum
1798 1309 1859 1351 di-

414 1370 625 1410 straxerit:
666 1368 732 1408 vel
759 1382 904 1409 nomen
934 1367 1107 1421 legatum
1134 1367 1216 1420 ipse
1243 1368 1437 1423 exegerit.

472 1441 510 1475 6.
542 1437 614 1488 Ope
639 1433 863 1488 exceptionis
891 1431 1084 1473 adimitur
1114 1435 1325 1486 Legatum,
1365 1431 1392 1471 fi
1415 1433 1514 1487 quid
1543 1433 1778 1488 contigerit,
1805 1435 1859 1475 ob

415 1497 525 1551 quod
544 1497 749 1550 ademptio
768 1497 954 1550 praesumi
972 1494 1115 1535 debeat
1132 1513 1140 1534 :
1171 1505 1217 1534 ut
1236 1495 1262 1535 fi
1289 1495 1509 1538 inimicitiae
1530 1498 1718 1550 capitales
1736 1499 1859 1539 inter-

415 1562 613 1602 venerint.

473 1643 509 1672 7.
538 1630 644 1681 Qae
667 1637 764 1666 vero
781 1622 947 1664 libertas
972 1623 1026 1662 est
1053 1622 1252 1662 testatoris
1278 1622 1319 1663 in
1338 1624 1544 1674 adimendo,
1571 1625 1709 1666 eadem
1737 1628 1858 1668 etiam

415 1692 471 1732 est
485 1692 527 1730 in
544 1686 810 1741 transferenda,
839 1686 1200 1741 transmutandoque.

473 1758 508 1794 8,
529 1749 760 1805 Aliquando
775 1750 896 1790 etiam
910 1749 1040 1804 legata
1048 1759 1117 1804 pro
1134 1765 1201 1789 non
1208 1751 1367 1805 scriptis
1382 1750 1583 1793 habentur
1599 1773 1610 1805 ;
1641 1755 1857 1808 aliquando

415 1814 631 1871 legatarii5‚
657 1823 701 1853 ut
721 1812 883 1867 indignis
901 1825 924 1851 a
941 1811 1037 1852 fisco
1061 1813 1302 1867 eripiuntur,

520 1921 681 1989 JUS
712 1921 906 1972 ANG
925 1921 974 1971 L
990 1921 1378 1976 [CANUM.
1406 1925 1467 1975 ad
1488 1925 1587 1976 Tit.
1603 1927 1749 1976 xxi.

464 2020 538 2056 Ubi
562 2023 624 2069 Jus
650 2019 752 2056 civile
776 2020 821 2055 ob
848 2019 1018 2055 defeaum
1044 2022 1184 2056 haeredis
1211 2023 1445 2058 testamentum
1470 2022 1600 2070 prorsus
1619 2022 1742 2059 inutile
1757 2022 1855 2067 facit,

418 2068 579 2110 nostrum,
604 2078 785 2103 executore
802 2067 854 2103 vel
886 2081 952 2102 non
975 2071 1164 2113 nominato,
1190 2071 1241 2105 vel
1260 2083 1343 2105 onus
1369 2069 1556 2113 recusante,
1583 2084 1654 2104 non>
1681 2071 1788 2106 statim
1810 2072 1861 2106 le-

418 2126 496 2161 gata
511 2117 620 2162 perire
635 2116 762 2162 patitur
776 2131 787 2157 3
812 2114 868 2150 sed
890 2115 1218 2152 administrationem
1236 2117 1400 2151 bonorum
1416 2116 1591 2152 Ordinarii
1612 2117 1748 2165 judicio
1762 2131 1857 2155 com-

419 2162 618 2198 mittendam
632 2162 768 2207 definit,
794 2163 854 2209 qui
873 2161 1192 2198 administrationem
1208 2163 1368 2199 solutioni
1383 2164 1584 2209 legatorum,
1609 2165 1724 2201 laltem
1740 2166 1861 2214 quoad⁴

420 2209 534 2247 ferunt
551 2209 742 2255 facultates,
767 2209 965 2254 astringunt.

1650 2363 1849 2411 T1'r.
