<?xml version="1.0" encoding="UTF-8"?>
<!DOCTYPE html PUBLIC "-//W3C//DTD XHTML 1.0 Transitional//EN"
    "http://www.w3.org/TR/xhtml1/DTD/xhtml1-transitional.dtd">
<html xmlns="http://www.w3.org/1999/xhtml" xml:lang="en" lang="en">
 <head>
  <title>
</title>
<meta http-equiv="Content-Type" content="text/html;charset=utf-8" />
  <meta name='ocr-system' content='tesseract 3.04.00' />
  <meta name='ocr-capabilities' content='ocr_page ocr_carea ocr_par ocr_line ocrx_word'/>
</head>
<body>
  <div class='ocr_page' id='page_1' title='image "./jurisprudentiaph00eden_0251.png"; bbox 0 0 2059 2812; ppageno 0'>
   <div class='ocr_carea' id='block_1_1' title="bbox 503 136 1616 403">
    <p class='ocr_par' dir='ltr' id='par_1_1' title="bbox 503 136 1616 403">
     <span class='ocr_line' id='line_1_1' title="bbox 652 136 1616 194; baseline -0.003 -5"><span class='ocrx_word' id='word_1_1' title='bbox 652 137 761 189; x_wconf 87' lang='lat' dir='ltr'>Lib.</span> <span class='ocrx_word' id='word_1_2' title='bbox 795 137 886 192; x_wconf 89' lang='lat' dir='ltr'>IV.</span> <span class='ocrx_word' id='word_1_3' title='bbox 959 136 1054 190; x_wconf 88' lang='lat' dir='ltr'>Tit.</span> <span class='ocrx_word' id='word_1_4' title='bbox 1093 136 1158 189; x_wconf 89' lang='lat' dir='ltr'>II.</span> <span class='ocrx_word' id='word_1_5' title='bbox 1513 149 1616 194; x_wconf 87' lang='lat'>225</span> 
     </span>
     <span class='ocr_line' id='line_1_2' title="bbox 736 239 1067 288; baseline 0.003 -1"><span class='ocrx_word' id='word_1_6' title='bbox 736 240 781 287; x_wconf 93' lang='lat' dir='ltr'>T</span> <span class='ocrx_word' id='word_1_7' title='bbox 819 253 840 287; x_wconf 91' lang='lat'>1</span> <span class='ocrx_word' id='word_1_8' title='bbox 878 255 928 288; x_wconf 86' lang='lat' dir='ltr'>T.</span> <span class='ocrx_word' id='word_1_9' title='bbox 1001 239 1067 288; x_wconf 93' lang='lat' dir='ltr'>II.</span> 
     </span>
     <span class='ocr_line' id='line_1_3' title="bbox 503 336 1291 403; baseline -0.004 -17"><span class='ocrx_word' id='word_1_10' title='bbox 503 336 582 387; x_wconf 86' lang='lat' dir='ltr'>De</span> <span class='ocrx_word' id='word_1_11' title='bbox 619 337 687 387; x_wconf 78' lang='lat' dir='ltr'>Vz</span> <span class='ocrx_word' id='word_1_12' title='bbox 722 336 969 386; x_wconf 83' lang='lat' dir='ltr'><em>Bonorum</em></span> <span class='ocrx_word' id='word_1_13' title='bbox 1005 336 1291 403; x_wconf 82' lang='lat' dir='ltr'>Raptorum.</span> 
     </span>
    </p>
   </div>
   <div class='ocr_carea' id='block_1_2' title="bbox 185 428 1621 1677">
    <p class='ocr_par' dir='ltr' id='par_1_2' title="bbox 185 428 1615 546">
     <span class='ocr_line' id='line_1_4' title="bbox 244 428 1615 486; baseline -0.006 -12"><span class='ocrx_word' id='word_1_14' title='bbox 244 451 278 477; x_wconf 87' lang='lat'>1.</span> <span class='ocrx_word' id='word_1_15' title='bbox 311 435 494 476; x_wconf 90' lang='lat' dir='ltr'>Alterum</span> <span class='ocrx_word' id='word_1_16' title='bbox 513 434 717 474; x_wconf 65' lang='lat' dir='ltr'>Delictum</span> <span class='ocrx_word' id='word_1_17' title='bbox 737 433 934 486; x_wconf 86' lang='lat' dir='ltr'>privatum</span> <span class='ocrx_word' id='word_1_18' title='bbox 952 434 1007 472; x_wconf 92' lang='lat' dir='ltr'>est</span> <span class='ocrx_word' id='word_1_19' title='bbox 1039 447 1062 471; x_wconf 87' lang='lat' dir='ltr'><strong>R</strong></span> <span class='ocrx_word' id='word_1_20' title='bbox 1076 445 1100 470; x_wconf 91' lang='lat' dir='ltr'><strong>A</strong></span> <span class='ocrx_word' id='word_1_21' title='bbox 1112 446 1131 471; x_wconf 75' lang='lat' dir='ltr'>p</span> <span class='ocrx_word' id='word_1_22' title='bbox 1143 446 1156 471; x_wconf 95' lang='lat'>1</span> <span class='ocrx_word' id='word_1_23' title='bbox 1170 446 1198 472; x_wconf 77' lang='lat' dir='ltr'>N</span> <span class='ocrx_word' id='word_1_24' title='bbox 1211 445 1252 480; x_wconf 86' lang='lat' dir='ltr'>A,</span> <span class='ocrx_word' id='word_1_25' title='bbox 1279 443 1365 482; x_wconf 86' lang='lat' dir='ltr'>quae</span> <span class='ocrx_word' id='word_1_26' title='bbox 1381 431 1435 469; x_wconf 91' lang='lat' dir='ltr'>est</span> <span class='ocrx_word' id='word_1_27' title='bbox 1454 428 1615 469; x_wconf 71' lang='lat' dir='ltr'>violenta</span> 
     </span>
     <span class='ocr_line' id='line_1_5' title="bbox 185 490 1474 546; baseline -0.005 -9"><span class='ocrx_word' id='word_1_28' title='bbox 185 499 239 538; x_wconf 81' lang='lat' dir='ltr'>rei</span> <span class='ocrx_word' id='word_1_29' title='bbox 260 500 384 540; x_wconf 83' lang='lat' dir='ltr'>alienae</span> <span class='ocrx_word' id='word_1_30' title='bbox 402 499 542 537; x_wconf 77' lang='lat' dir='ltr'>mobilis</span> <span class='ocrx_word' id='word_1_31' title='bbox 563 496 714 546; x_wconf 80' lang='lat' dir='ltr'>ablatio,</span> <span class='ocrx_word' id='word_1_32' title='bbox 742 496 835 535; x_wconf 83' lang='lat' dir='ltr'>lucri</span> <span class='ocrx_word' id='word_1_33' title='bbox 850 495 1013 546; x_wconf 68' lang='lat' dir='ltr'>finiendi</span> <span class='ocrx_word' id='word_1_34' title='bbox 1032 494 1136 546; x_wconf 81' lang='lat' dir='ltr'>causa</span> <span class='ocrx_word' id='word_1_35' title='bbox 1158 494 1235 534; x_wconf 88' lang='lat' dir='ltr'>dolo</span> <span class='ocrx_word' id='word_1_36' title='bbox 1255 493 1348 531; x_wconf 85' lang='lat' dir='ltr'>malo</span> <span class='ocrx_word' id='word_1_37' title='bbox 1359 490 1474 543; x_wconf 63' lang='lat' dir='ltr'><strong><em>fizfla.</em></strong></span> 
     </span>
    </p>

    <p class='ocr_par' dir='ltr' id='par_1_3' title="bbox 185 553 1616 803">
     <span class='ocr_line' id='line_1_6' title="bbox 244 553 1614 610; baseline -0.007 -10"><span class='ocrx_word' id='word_1_38' title='bbox 244 578 281 603; x_wconf 86' lang='lat'>2.</span> <span class='ocrx_word' id='word_1_39' title='bbox 313 565 483 601; x_wconf 82' lang='lat' dir='ltr'>Eatenus</span> <span class='ocrx_word' id='word_1_40' title='bbox 503 561 746 601; x_wconf 90' lang='lat' dir='ltr'>conveniunt</span> <span class='ocrx_word' id='word_1_41' title='bbox 766 560 915 597; x_wconf 80' lang='lat' dir='ltr'><em>Furtum</em></span> <span class='ocrx_word' id='word_1_42' title='bbox 937 564 972 599; x_wconf 74' lang='grc' dir='ltr'>ὅ(</span> <span class='ocrx_word' id='word_1_43' title='bbox 991 557 1149 610; x_wconf 79' lang='lat' dir='ltr'><em>Rapina,</em></span> <span class='ocrx_word' id='word_1_44' title='bbox 1178 554 1288 610; x_wconf 90' lang='lat' dir='ltr'>quod</span> <span class='ocrx_word' id='word_1_45' title='bbox 1315 564 1529 605; x_wconf 90' lang='lat' dir='ltr'>utrumque</span> <span class='ocrx_word' id='word_1_46' title='bbox 1548 553 1614 590; x_wconf 93' lang='lat' dir='ltr'>de-</span> 
     </span>
     <span class='ocr_line' id='line_1_7' title="bbox 185 616 1616 669; baseline -0.006 -6"><span class='ocrx_word' id='word_1_47' title='bbox 185 623 326 666; x_wconf 67' lang='lat' dir='ltr'>lid&#39;tum</span> <span class='ocrx_word' id='word_1_48' title='bbox 361 627 399 665; x_wconf 89' lang='lat' dir='ltr'>in</span> <span class='ocrx_word' id='word_1_49' title='bbox 432 624 568 664; x_wconf 80' lang='lat' dir='ltr'>dolosa</span> <span class='ocrx_word' id='word_1_50' title='bbox 599 624 658 663; x_wconf 84' lang='lat' dir='ltr'>rei</span> <span class='ocrx_word' id='word_1_51' title='bbox 684 625 821 663; x_wconf 79' lang='lat' dir='ltr'>alienae</span> <span class='ocrx_word' id='word_1_52' title='bbox 841 622 999 662; x_wconf 83' lang='lat' dir='ltr'>mobilis</span> <span class='ocrx_word' id='word_1_53' title='bbox 1017 619 1350 666; x_wconf 64' lang='lat' dir='ltr'>contredixitione,</span> <span class='ocrx_word' id='word_1_54' title='bbox 1377 616 1616 669; x_wconf 85' lang='lat' dir='ltr'>confilioque</span> 
     </span>
     <span class='ocr_line' id='line_1_8' title="bbox 185 676 1616 735; baseline -0.005 -11"><span class='ocrx_word' id='word_1_55' title='bbox 185 686 335 727; x_wconf 85' lang='lat' dir='ltr'>lucrum</span> <span class='ocrx_word' id='word_1_56' title='bbox 357 687 527 727; x_wconf 85' lang='lat' dir='ltr'>faciendi</span> <span class='ocrx_word' id='word_1_57' title='bbox 548 686 742 726; x_wconf 80' lang='lat' dir='ltr'>confistit:</span> <span class='ocrx_word' id='word_1_58' title='bbox 787 686 854 725; x_wconf 91' lang='lat' dir='ltr'>sed</span> <span class='ocrx_word' id='word_1_59' title='bbox 882 686 923 724; x_wconf 90' lang='lat' dir='ltr'>in</span> <span class='ocrx_word' id='word_1_60' title='bbox 950 699 1000 724; x_wconf 92' lang='lat' dir='ltr'>eo</span> <span class='ocrx_word' id='word_1_61' title='bbox 1025 684 1228 732; x_wconf 87' lang='lat' dir='ltr'>differunt,</span> <span class='ocrx_word' id='word_1_62' title='bbox 1257 679 1367 735; x_wconf 88' lang='lat' dir='ltr'>quod</span> <span class='ocrx_word' id='word_1_63' title='bbox 1398 678 1551 718; x_wconf 84' lang='lat' dir='ltr'>furtum</span> <span class='ocrx_word' id='word_1_64' title='bbox 1570 676 1616 718; x_wconf 83' lang='lat' dir='ltr'>fit</span> 
     </span>
     <span class='ocr_line' id='line_1_9' title="bbox 186 742 1114 803; baseline -0.002 -15"><span class='ocrx_word' id='word_1_65' title='bbox 186 749 337 790; x_wconf 86' lang='lat' dir='ltr'>ablatio</span> <span class='ocrx_word' id='word_1_66' title='bbox 349 750 582 803; x_wconf 77' lang='lat' dir='ltr'>fraudulosa;</span> <span class='ocrx_word' id='word_1_67' title='bbox 615 749 751 801; x_wconf 83' lang='lat' dir='ltr'>rapina</span> <span class='ocrx_word' id='word_1_68' title='bbox 771 747 920 786; x_wconf 85' lang='lat' dir='ltr'>ablatio</span> <span class='ocrx_word' id='word_1_69' title='bbox 939 742 1114 786; x_wconf 68' lang='lat' dir='ltr'>violenta.</span> 
     </span>
    </p>

    <p class='ocr_par' dir='ltr' id='par_1_4' title="bbox 186 803 1616 1052">
     <span class='ocr_line' id='line_1_10' title="bbox 247 803 1616 862; baseline -0.008 -11"><span class='ocrx_word' id='word_1_70' title='bbox 247 827 280 859; x_wconf 84' lang='lat'>3.</span> <span class='ocrx_word' id='word_1_71' title='bbox 317 814 374 850; x_wconf 74' lang='lat' dir='ltr'>Ex</span> <span class='ocrx_word' id='word_1_72' title='bbox 402 810 635 850; x_wconf 83' lang='lat' dir='ltr'>definitione</span> <span class='ocrx_word' id='word_1_73' title='bbox 665 822 763 862; x_wconf 86' lang='lat' dir='ltr'>ergo</span> <span class='ocrx_word' id='word_1_74' title='bbox 796 806 968 848; x_wconf 88' lang='lat' dir='ltr'>infertur</span> <span class='ocrx_word' id='word_1_75' title='bbox 995 807 1127 847; x_wconf 89' lang='lat' dir='ltr'>locum</span> <span class='ocrx_word' id='word_1_76' title='bbox 1145 820 1226 845; x_wconf 91' lang='lat' dir='ltr'>non</span> <span class='ocrx_word' id='word_1_77' title='bbox 1245 804 1391 845; x_wconf 88' lang='lat' dir='ltr'>habere</span> <span class='ocrx_word' id='word_1_78' title='bbox 1419 803 1616 842; x_wconf 68' lang='lat' dir='ltr'>adtionem</span> 
     </span>
     <span class='ocr_line' id='line_1_11' title="bbox 187 864 1616 925; baseline -0.003 -15"><span class='ocrx_word' id='word_1_79' title='bbox 187 873 226 911; x_wconf 82' lang='lat' dir='ltr'>vi</span> <span class='ocrx_word' id='word_1_80' title='bbox 258 874 421 913; x_wconf 83' lang='lat' dir='ltr'>bonorum</span> <span class='ocrx_word' id='word_1_81' title='bbox 454 881 654 925; x_wconf 76' lang='lat' dir='ltr'>raptorum,</span> <span class='ocrx_word' id='word_1_82' title='bbox 681 870 707 910; x_wconf 86' lang='lat' dir='ltr'>fi</span> <span class='ocrx_word' id='word_1_83' title='bbox 738 871 825 923; x_wconf 87' lang='lat' dir='ltr'>quis</span> <span class='ocrx_word' id='word_1_84' title='bbox 845 883 927 910; x_wconf 89' lang='lat' dir='ltr'>rem</span> <span class='ocrx_word' id='word_1_85' title='bbox 961 868 1203 909; x_wconf 85' lang='lat' dir='ltr'>immobilem</span> <span class='ocrx_word' id='word_1_86' title='bbox 1225 865 1363 907; x_wconf 87' lang='lat' dir='ltr'>invafit</span> <span class='ocrx_word' id='word_1_87' title='bbox 1379 885 1390 916; x_wconf 74' lang='grc' dir='ltr'><strong><em>ς</em></strong></span> <span class='ocrx_word' id='word_1_88' title='bbox 1431 864 1500 904; x_wconf 89' lang='lat' dir='ltr'>sed</span> <span class='ocrx_word' id='word_1_89' title='bbox 1519 874 1616 905; x_wconf 90' lang='lat' dir='ltr'>tunc</span> 
     </span>
     <span class='ocr_line' id='line_1_12' title="bbox 187 927 1615 987; baseline -0.005 -13"><span class='ocrx_word' id='word_1_90' title='bbox 187 935 252 974; x_wconf 86' lang='lat' dir='ltr'>vel</span> <span class='ocrx_word' id='word_1_91' title='bbox 271 949 318 974; x_wconf 86' lang='lat' dir='ltr'>ex</span> <span class='ocrx_word' id='word_1_92' title='bbox 338 935 555 974; x_wconf 68' lang='lat' dir='ltr'>interdicto</span> <span class='ocrx_word' id='word_1_93' title='bbox 574 935 666 974; x_wconf 80' lang='lat' dir='ltr'>unde</span> <span class='ocrx_word' id='word_1_94' title='bbox 685 933 726 973; x_wconf 83' lang='lat' dir='ltr'>vi</span> <span class='ocrx_word' id='word_1_95' title='bbox 741 954 752 984; x_wconf 83' lang='lat'>3</span> <span class='ocrx_word' id='word_1_96' title='bbox 782 933 846 973; x_wconf 90' lang='lat' dir='ltr'>vel</span> <span class='ocrx_word' id='word_1_97' title='bbox 865 947 911 972; x_wconf 88' lang='lat' dir='ltr'>ex</span> <span class='ocrx_word' id='word_1_98' title='bbox 929 932 1017 987; x_wconf 86' lang='lat' dir='ltr'>lege</span> <span class='ocrx_word' id='word_1_99' title='bbox 1037 931 1142 986; x_wconf 86' lang='lat' dir='ltr'>Julia</span> <span class='ocrx_word' id='word_1_100' title='bbox 1158 930 1207 970; x_wconf 92' lang='lat' dir='ltr'>de</span> <span class='ocrx_word' id='word_1_101' title='bbox 1226 929 1266 969; x_wconf 84' lang='lat' dir='ltr'>vi</span> <span class='ocrx_word' id='word_1_102' title='bbox 1278 928 1439 983; x_wconf 77' lang='lat' dir='ltr'>publica,</span> <span class='ocrx_word' id='word_1_103' title='bbox 1458 927 1522 969; x_wconf 89' lang='lat' dir='ltr'>vel</span> <span class='ocrx_word' id='word_1_104' title='bbox 1532 927 1615 981; x_wconf 81' lang='lat' dir='ltr'>pri-</span> 
     </span>
     <span class='ocr_line' id='line_1_13' title="bbox 186 997 602 1052; baseline 0.002 -15"><span class='ocrx_word' id='word_1_105' title='bbox 186 1007 276 1037; x_wconf 81' lang='lat' dir='ltr'>vata</span> <span class='ocrx_word' id='word_1_106' title='bbox 298 997 491 1052; x_wconf 82' lang='lat' dir='ltr'>agendum</span> <span class='ocrx_word' id='word_1_107' title='bbox 513 998 602 1038; x_wconf 83' lang='lat' dir='ltr'>effe.</span> 
     </span>
    </p>

    <p class='ocr_par' dir='ltr' id='par_1_5' title="bbox 186 1052 1621 1536">
     <span class='ocr_line' id='line_1_14' title="bbox 241 1052 1617 1112; baseline -0.005 -12"><span class='ocrx_word' id='word_1_108' title='bbox 241 1075 281 1108; x_wconf 88' lang='lat'>4.</span> <span class='ocrx_word' id='word_1_109' title='bbox 312 1063 372 1099; x_wconf 80' lang='lat' dir='ltr'>Ex</span> <span class='ocrx_word' id='word_1_110' title='bbox 389 1059 526 1100; x_wconf 62' lang='lat' dir='ltr'>eadem</span> <span class='ocrx_word' id='word_1_111' title='bbox 546 1059 740 1112; x_wconf 88' lang='lat' dir='ltr'>sequitur,</span> <span class='ocrx_word' id='word_1_112' title='bbox 776 1068 820 1097; x_wconf 90' lang='lat' dir='ltr'>ut</span> <span class='ocrx_word' id='word_1_113' title='bbox 839 1057 866 1097; x_wconf 90' lang='lat' dir='ltr'><strong>fi</strong></span> <span class='ocrx_word' id='word_1_114' title='bbox 884 1057 972 1111; x_wconf 87' lang='lat' dir='ltr'>quis</span> <span class='ocrx_word' id='word_1_115' title='bbox 990 1070 1071 1096; x_wconf 90' lang='lat' dir='ltr'>rem</span> <span class='ocrx_word' id='word_1_116' title='bbox 1091 1068 1173 1094; x_wconf 92' lang='lat' dir='ltr'>non</span> <span class='ocrx_word' id='word_1_117' title='bbox 1192 1053 1376 1101; x_wconf 87' lang='lat' dir='ltr'>alienam,</span> <span class='ocrx_word' id='word_1_118' title='bbox 1413 1052 1480 1092; x_wconf 91' lang='lat' dir='ltr'>sed</span> <span class='ocrx_word' id='word_1_119' title='bbox 1499 1065 1617 1104; x_wconf 73' lang='lat' dir='ltr'>quarn</span> 
     </span>
     <span class='ocr_line' id='line_1_15' title="bbox 186 1114 1618 1175; baseline -0.006 -14"><span class='ocrx_word' id='word_1_120' title='bbox 186 1120 294 1161; x_wconf 83' lang='lat' dir='ltr'>suam</span> <span class='ocrx_word' id='word_1_121' title='bbox 312 1123 480 1175; x_wconf 86' lang='lat' dir='ltr'>putavit,</span> <span class='ocrx_word' id='word_1_122' title='bbox 507 1121 582 1162; x_wconf 88' lang='lat' dir='ltr'>five</span> <span class='ocrx_word' id='word_1_123' title='bbox 603 1120 807 1167; x_wconf 82' lang='lat' dir='ltr'>mobilem,</span> <span class='ocrx_word' id='word_1_124' title='bbox 835 1119 911 1159; x_wconf 87' lang='lat' dir='ltr'>five</span> <span class='ocrx_word' id='word_1_125' title='bbox 929 1117 1175 1159; x_wconf 87' lang='lat' dir='ltr'>immobilem</span> <span class='ocrx_word' id='word_1_126' title='bbox 1188 1115 1230 1155; x_wconf 87' lang='lat' dir='ltr'>vi</span> <span class='ocrx_word' id='word_1_127' title='bbox 1248 1116 1391 1168; x_wconf 85' lang='lat' dir='ltr'>rapiat,</span> <span class='ocrx_word' id='word_1_128' title='bbox 1419 1115 1450 1153; x_wconf 87' lang='lat' dir='ltr'>is</span> <span class='ocrx_word' id='word_1_129' title='bbox 1467 1114 1618 1168; x_wconf 81' lang='lat' dir='ltr'>rapina:</span> 
     </span>
     <span class='ocr_line' id='line_1_16' title="bbox 187 1177 1619 1233; baseline -0.006 -10"><span class='ocrx_word' id='word_1_130' title='bbox 187 1198 276 1224; x_wconf 82' lang='lat' dir='ltr'>reus</span> <span class='ocrx_word' id='word_1_131' title='bbox 296 1199 377 1224; x_wconf 89' lang='lat' dir='ltr'>non</span> <span class='ocrx_word' id='word_1_132' title='bbox 398 1184 455 1226; x_wconf 84' lang='lat' dir='ltr'>fit.</span> <span class='ocrx_word' id='word_1_133' title='bbox 513 1188 575 1226; x_wconf 92' lang='lat' dir='ltr'>Ne</span> <span class='ocrx_word' id='word_1_134' title='bbox 594 1193 724 1222; x_wconf 86' lang='lat' dir='ltr'>tamen</span> <span class='ocrx_word' id='word_1_135' title='bbox 751 1182 844 1221; x_wconf 90' lang='lat' dir='ltr'>dum</span> <span class='ocrx_word' id='word_1_136' title='bbox 877 1181 970 1221; x_wconf 85' lang='lat' dir='ltr'>talia</span> <span class='ocrx_word' id='word_1_137' title='bbox 1002 1180 1280 1233; x_wconf 83' lang='lat' dir='ltr'>excogitantur</span> <span class='ocrx_word' id='word_1_138' title='bbox 1297 1178 1361 1217; x_wconf 90' lang='lat' dir='ltr'>via</span> <span class='ocrx_word' id='word_1_139' title='bbox 1392 1177 1619 1217; x_wconf 86' lang='lat' dir='ltr'>inveniatur</span> 
     </span>
     <span class='ocr_line' id='line_1_17' title="bbox 186 1241 1621 1301; baseline -0.004 -13"><span class='ocrx_word' id='word_1_140' title='bbox 186 1253 389 1301; x_wconf 83' lang='lat' dir='ltr'>perquam</span> <span class='ocrx_word' id='word_1_141' title='bbox 409 1258 587 1301; x_wconf 82' lang='lat' dir='ltr'>raptores</span> <span class='ocrx_word' id='word_1_142' title='bbox 600 1248 761 1300; x_wconf 88' lang='lat' dir='ltr'>impune</span> <span class='ocrx_word' id='word_1_143' title='bbox 777 1246 880 1285; x_wconf 90' lang='lat' dir='ltr'>suam</span> <span class='ocrx_word' id='word_1_144' title='bbox 900 1253 1106 1284; x_wconf 82' lang='lat' dir='ltr'>exerceant</span> <span class='ocrx_word' id='word_1_145' title='bbox 1125 1241 1331 1282; x_wconf 80' lang='lat' dir='ltr'>avaritiam</span> <span class='ocrx_word' id='word_1_146' title='bbox 1348 1261 1360 1287; x_wconf 85' lang='lat'>;</span> <span class='ocrx_word' id='word_1_147' title='bbox 1388 1250 1545 1280; x_wconf 87' lang='lat' dir='ltr'>cautum</span> <span class='ocrx_word' id='word_1_148' title='bbox 1565 1241 1621 1282; x_wconf 86' lang='lat' dir='ltr'>est</span> 
     </span>
     <span class='ocr_line' id='line_1_18' title="bbox 186 1301 1618 1360; baseline -0.006 -11"><span class='ocrx_word' id='word_1_149' title='bbox 186 1309 549 1350; x_wconf 84' lang='lat' dir='ltr'>Constitutionibus</span> <span class='ocrx_word' id='word_1_150' title='bbox 563 1335 575 1356; x_wconf 88' lang='lat'>‚</span> <span class='ocrx_word' id='word_1_151' title='bbox 618 1317 661 1347; x_wconf 90' lang='lat' dir='ltr'>ut</span> <span class='ocrx_word' id='word_1_152' title='bbox 679 1307 746 1360; x_wconf 91' lang='lat' dir='ltr'>qui</span> <span class='ocrx_word' id='word_1_153' title='bbox 765 1320 863 1356; x_wconf 89' lang='lat' dir='ltr'>rem,</span> <span class='ocrx_word' id='word_1_154' title='bbox 891 1320 1007 1359; x_wconf 89' lang='lat' dir='ltr'>quam</span> <span class='ocrx_word' id='word_1_155' title='bbox 1026 1305 1129 1344; x_wconf 86' lang='lat' dir='ltr'>suam</span> <span class='ocrx_word' id='word_1_156' title='bbox 1149 1301 1392 1343; x_wconf 82' lang='lat' dir='ltr'>existimabat</span> <span class='ocrx_word' id='word_1_157' title='bbox 1409 1301 1451 1341; x_wconf 87' lang='lat' dir='ltr'>vi</span> <span class='ocrx_word' id='word_1_158' title='bbox 1470 1302 1618 1355; x_wconf 87' lang='lat' dir='ltr'>rapuit,</span> 
     </span>
     <span class='ocr_line' id='line_1_19' title="bbox 186 1362 1617 1418; baseline -0.006 -8"><span class='ocrx_word' id='word_1_159' title='bbox 186 1371 369 1411; x_wconf 89' lang='lat' dir='ltr'>dominio</span> <span class='ocrx_word' id='word_1_160' title='bbox 392 1371 450 1411; x_wconf 84' lang='lat' dir='ltr'>rei</span> <span class='ocrx_word' id='word_1_161' title='bbox 469 1370 545 1410; x_wconf 84' lang='lat' dir='ltr'>suae</span> <span class='ocrx_word' id='word_1_162' title='bbox 559 1369 743 1411; x_wconf 89' lang='lat' dir='ltr'>caderet:</span> <span class='ocrx_word' id='word_1_163' title='bbox 772 1366 825 1407; x_wconf 89' lang='lat' dir='ltr'>fin</span> <span class='ocrx_word' id='word_1_164' title='bbox 844 1366 971 1407; x_wconf 87' lang='lat' dir='ltr'>aliena</span> <span class='ocrx_word' id='word_1_165' title='bbox 994 1379 1056 1405; x_wconf 85' lang='lat' dir='ltr'>res</span> <span class='ocrx_word' id='word_1_166' title='bbox 1081 1364 1322 1418; x_wconf 81' lang='lat' dir='ltr'>reperiatur,</span> <span class='ocrx_word' id='word_1_167' title='bbox 1347 1362 1435 1416; x_wconf 89' lang='lat' dir='ltr'>post</span> <span class='ocrx_word' id='word_1_168' title='bbox 1462 1362 1617 1403; x_wconf 88' lang='lat' dir='ltr'>restitu-</span> 
     </span>
     <span class='ocr_line' id='line_1_20' title="bbox 186 1424 1619 1487; baseline -0.006 -14"><span class='ocrx_word' id='word_1_169' title='bbox 186 1435 335 1473; x_wconf 89' lang='lat' dir='ltr'>tionem</span> <span class='ocrx_word' id='word_1_170' title='bbox 356 1435 436 1487; x_wconf 82' lang='lat' dir='ltr'>ejus</span> <span class='ocrx_word' id='word_1_171' title='bbox 455 1431 753 1473; x_wconf 76' lang='lat' dir='ltr'>aestimationem</span> <span class='ocrx_word' id='word_1_172' title='bbox 768 1431 949 1483; x_wconf 77' lang='lat' dir='ltr'>praestare</span> <span class='ocrx_word' id='word_1_173' title='bbox 968 1438 1165 1476; x_wconf 86' lang='lat' dir='ltr'>teneatur,</span> <span class='ocrx_word' id='word_1_174' title='bbox 1183 1432 1219 1467; x_wconf 86' lang='lat'>&amp;</span> <span class='ocrx_word' id='word_1_175' title='bbox 1232 1424 1395 1479; x_wconf 87' lang='lat' dir='ltr'>quidem</span> <span class='ocrx_word' id='word_1_176' title='bbox 1408 1438 1492 1466; x_wconf 90' lang='lat' dir='ltr'>non</span> <span class='ocrx_word' id='word_1_177' title='bbox 1509 1424 1619 1473; x_wconf 86' lang='lat' dir='ltr'>fisco,</span> 
     </span>
     <span class='ocr_line' id='line_1_21' title="bbox 187 1495 383 1536; baseline -0.005 0"><span class='ocrx_word' id='word_1_178' title='bbox 187 1495 254 1536; x_wconf 92' lang='lat' dir='ltr'>sed</span> <span class='ocrx_word' id='word_1_179' title='bbox 274 1496 383 1535; x_wconf 84' lang='lat' dir='ltr'>laeso.</span> 
     </span>
    </p>

    <p class='ocr_par' dir='ltr' id='par_1_6' title="bbox 187 1548 1620 1677">
     <span class='ocr_line' id='line_1_22' title="bbox 246 1548 1620 1611; baseline -0.009 -12"><span class='ocrx_word' id='word_1_180' title='bbox 246 1574 282 1606; x_wconf 89' lang='lat'>5.</span> <span class='ocrx_word' id='word_1_181' title='bbox 314 1563 442 1598; x_wconf 90' lang='lat' dir='ltr'>Porro</span> <span class='ocrx_word' id='word_1_182' title='bbox 462 1557 555 1598; x_wconf 87' lang='lat' dir='ltr'>inde</span> <span class='ocrx_word' id='word_1_183' title='bbox 573 1555 857 1611; x_wconf 85' lang='lat' dir='ltr'>colligendum,</span> <span class='ocrx_word' id='word_1_184' title='bbox 873 1555 1001 1595; x_wconf 89' lang='lat' dir='ltr'>solum</span> <span class='ocrx_word' id='word_1_185' title='bbox 1020 1554 1085 1595; x_wconf 89' lang='lat' dir='ltr'>hic</span> <span class='ocrx_word' id='word_1_186' title='bbox 1099 1552 1236 1593; x_wconf 91' lang='lat' dir='ltr'>dolum</span> <span class='ocrx_word' id='word_1_187' title='bbox 1250 1549 1436 1604; x_wconf 66' lang='lat' dir='ltr'>speetari,</span> <span class='ocrx_word' id='word_1_188' title='bbox 1459 1562 1542 1588; x_wconf 88' lang='lat' dir='ltr'>non</span> <span class='ocrx_word' id='word_1_189' title='bbox 1560 1548 1620 1588; x_wconf 89' lang='lat' dir='ltr'>rei</span> 
     </span>
     <span class='ocr_line' id='line_1_23' title="bbox 187 1611 1619 1677; baseline -0.008 -15"><span class='ocrx_word' id='word_1_190' title='bbox 187 1633 312 1677; x_wconf 83' lang='lat' dir='ltr'>raptae</span> <span class='ocrx_word' id='word_1_191' title='bbox 331 1624 505 1676; x_wconf 87' lang='lat' dir='ltr'>pretium</span> <span class='ocrx_word' id='word_1_192' title='bbox 520 1620 659 1674; x_wconf 79' lang='lat' dir='ltr'>3-hoc</span> <span class='ocrx_word' id='word_1_193' title='bbox 679 1620 869 1661; x_wconf 66' lang='lat' dir='ltr'>deliCtum</span> <span class='ocrx_word' id='word_1_194' title='bbox 888 1634 970 1660; x_wconf 92' lang='lat' dir='ltr'>non</span> <span class='ocrx_word' id='word_1_195' title='bbox 988 1619 1128 1660; x_wconf 89' lang='lat' dir='ltr'>cadere</span> <span class='ocrx_word' id='word_1_196' title='bbox 1150 1619 1194 1659; x_wconf 82' lang='lat' dir='ltr'>in</span> <span class='ocrx_word' id='word_1_197' title='bbox 1212 1614 1471 1669; x_wconf 85' lang='lat' dir='ltr'>impuberem,</span> <span class='ocrx_word' id='word_1_198' title='bbox 1497 1611 1619 1653; x_wconf 87' lang='lat' dir='ltr'>adeo-</span> 
     </span>
    </p>
   </div>
   <div class='ocr_carea' id='block_1_3' title="bbox 189 1720 1619 2059">
    <p class='ocr_par' dir='ltr' id='par_1_7' title="bbox 189 1720 1619 1917">
     <span class='ocr_line' id='line_1_24' title="bbox 189 1720 1619 1774; baseline -0.008 -8"><span class='ocrx_word' id='word_1_199' title='bbox 189 1733 237 1766; x_wconf 86' lang='lat' dir='ltr'>rei</span> <span class='ocrx_word' id='word_1_200' title='bbox 255 1730 370 1766; x_wconf 83' lang='lat' dir='ltr'>ablatae</span> <span class='ocrx_word' id='word_1_201' title='bbox 387 1730 516 1765; x_wconf 87' lang='lat' dir='ltr'>dicitur</span> <span class='ocrx_word' id='word_1_202' title='bbox 533 1729 585 1765; x_wconf 88' lang='lat' dir='ltr'>vel</span> <span class='ocrx_word' id='word_1_203' title='bbox 601 1730 757 1774; x_wconf 85' lang='lat' dir='ltr'>Magnum</span> <span class='ocrx_word' id='word_1_204' title='bbox 771 1727 822 1763; x_wconf 91' lang='lat' dir='ltr'>vel</span> <span class='ocrx_word' id='word_1_205' title='bbox 840 1730 985 1764; x_wconf 76' lang='lat' dir='ltr'>Parvum.</span> <span class='ocrx_word' id='word_1_206' title='bbox 1034 1727 1191 1772; x_wconf 83' lang='lat' dir='ltr'>Magnum</span> <span class='ocrx_word' id='word_1_207' title='bbox 1207 1724 1266 1768; x_wconf 87' lang='lat' dir='ltr'>est,</span> <span class='ocrx_word' id='word_1_208' title='bbox 1291 1722 1385 1770; x_wconf 88' lang='lat' dir='ltr'>quod</span> <span class='ocrx_word' id='word_1_209' title='bbox 1406 1735 1476 1758; x_wconf 89' lang='lat' dir='ltr'>rem</span> <span class='ocrx_word' id='word_1_210' title='bbox 1506 1720 1619 1755; x_wconf 86' lang='lat' dir='ltr'>mobi-</span> 
     </span>
     <span class='ocr_line' id='line_1_25' title="bbox 190 1769 1619 1824; baseline -0.008 -12"><span class='ocrx_word' id='word_1_211' title='bbox 190 1778 256 1813; x_wconf 85' lang='lat' dir='ltr'>lem</span> <span class='ocrx_word' id='word_1_212' title='bbox 271 1777 313 1811; x_wconf 90' lang='lat' dir='ltr'>ad</span> <span class='ocrx_word' id='word_1_213' title='bbox 329 1776 380 1812; x_wconf 89' lang='lat' dir='ltr'>vel</span> <span class='ocrx_word' id='word_1_214' title='bbox 395 1776 490 1824; x_wconf 88' lang='lat' dir='ltr'>supra</span> <span class='ocrx_word' id='word_1_215' title='bbox 504 1777 757 1811; x_wconf 83' lang='lat' dir='ltr'>aestimationem</span> <span class='ocrx_word' id='word_1_216' title='bbox 771 1774 952 1810; x_wconf 85' lang='lat' dir='ltr'>duodecim</span> <span class='ocrx_word' id='word_1_217' title='bbox 965 1773 1178 1808; x_wconf 81' lang='lat' dir='ltr'>denariorum</span> <span class='ocrx_word' id='word_1_218' title='bbox 1193 1771 1284 1806; x_wconf 81' lang='lat' dir='ltr'>furto</span> <span class='ocrx_word' id='word_1_219' title='bbox 1298 1769 1470 1804; x_wconf 85' lang='lat' dir='ltr'>subducit:</span> <span class='ocrx_word' id='word_1_220' title='bbox 1491 1779 1619 1813; x_wconf 83' lang='lat' dir='ltr'>parvum</span> 
     </span>
     <span class='ocr_line' id='line_1_26' title="bbox 191 1813 1619 1870; baseline -0.007 -12"><span class='ocrx_word' id='word_1_221' title='bbox 191 1824 284 1870; x_wconf 88' lang='lat' dir='ltr'>quod</span> <span class='ocrx_word' id='word_1_222' title='bbox 306 1837 376 1858; x_wconf 85' lang='lat' dir='ltr'>rem</span> <span class='ocrx_word' id='word_1_223' title='bbox 394 1826 494 1858; x_wconf 87' lang='lat' dir='ltr'>talem</span> <span class='ocrx_word' id='word_1_224' title='bbox 514 1824 652 1858; x_wconf 88' lang='lat' dir='ltr'>minoris</span> <span class='ocrx_word' id='word_1_225' title='bbox 669 1822 1025 1857; x_wconf 66' lang='lat' dir='ltr'>valoris.-—Robaria</span> <span class='ocrx_word' id='word_1_226' title='bbox 1052 1820 1097 1854; x_wconf 86' lang='lat' dir='ltr'>est</span> <span class='ocrx_word' id='word_1_227' title='bbox 1120 1831 1194 1866; x_wconf 80' lang='lat' dir='ltr'>quae</span> <span class='ocrx_word' id='word_1_228' title='bbox 1219 1830 1289 1852; x_wconf 86' lang='lat' dir='ltr'>rem</span> <span class='ocrx_word' id='word_1_229' title='bbox 1314 1816 1358 1852; x_wconf 92' lang='lat' dir='ltr'>de</span> <span class='ocrx_word' id='word_1_230' title='bbox 1389 1815 1540 1863; x_wconf 85' lang='lat' dir='ltr'>persona,</span> <span class='ocrx_word' id='word_1_231' title='bbox 1566 1813 1619 1848; x_wconf 91' lang='lat' dir='ltr'>vel</span> 
     </span>
     <span class='ocr_line' id='line_1_27' title="bbox 191 1868 922 1917; baseline -0.004 -11"><span class='ocrx_word' id='word_1_232' title='bbox 191 1871 306 1906; x_wconf 85' lang='lat' dir='ltr'>saltem</span> <span class='ocrx_word' id='word_1_233' title='bbox 325 1873 358 1904; x_wconf 89' lang='lat' dir='ltr'>in</span> <span class='ocrx_word' id='word_1_234' title='bbox 373 1869 542 1917; x_wconf 70' lang='lat' dir='ltr'>praesentia</span> <span class='ocrx_word' id='word_1_235' title='bbox 555 1869 746 1917; x_wconf 85' lang='lat' dir='ltr'>poffidentis</span> <span class='ocrx_word' id='word_1_236' title='bbox 760 1868 922 1903; x_wconf 88' lang='lat' dir='ltr'>subducit.</span> 
     </span>
    </p>

    <p class='ocr_par' dir='ltr' id='par_1_8' title="bbox 192 1911 1618 2059">
     <span class='ocr_line' id='line_1_28' title="bbox 238 1911 1618 1963; baseline -0.008 -11"><span class='ocrx_word' id='word_1_237' title='bbox 238 1920 350 1952; x_wconf 87' lang='lat' dir='ltr'>Omne</span> <span class='ocrx_word' id='word_1_238' title='bbox 365 1928 476 1952; x_wconf 89' lang='lat' dir='ltr'>autern</span> <span class='ocrx_word' id='word_1_239' title='bbox 497 1915 623 1951; x_wconf 87' lang='lat' dir='ltr'>furtum</span> <span class='ocrx_word' id='word_1_240' title='bbox 645 1915 734 1963; x_wconf 88' lang='lat' dir='ltr'>apud</span> <span class='ocrx_word' id='word_1_241' title='bbox 752 1928 810 1950; x_wconf 88' lang='lat' dir='ltr'>nos</span> <span class='ocrx_word' id='word_1_242' title='bbox 828 1915 999 1962; x_wconf 84' lang='lat' dir='ltr'>publicum</span> <span class='ocrx_word' id='word_1_243' title='bbox 1016 1914 1062 1948; x_wconf 88' lang='lat' dir='ltr'>est</span> <span class='ocrx_word' id='word_1_244' title='bbox 1077 1911 1261 1948; x_wconf 78' lang='lat' dir='ltr'>Deliecum.</span> <span class='ocrx_word' id='word_1_245' title='bbox 1312 1911 1408 1945; x_wconf 89' lang='lat' dir='ltr'>Nam</span> <span class='ocrx_word' id='word_1_246' title='bbox 1424 1913 1461 1945; x_wconf 77' lang='grc' dir='ltr'>δε</span> <span class='ocrx_word' id='word_1_247' title='bbox 1479 1919 1618 1955; x_wconf 83' lang='lat' dir='ltr'>parvum</span> 
     </span>
     <span class='ocr_line' id='line_1_29' title="bbox 192 1954 1618 2007; baseline -0.008 -8"><span class='ocrx_word' id='word_1_248' title='bbox 192 1966 433 2007; x_wconf 81' lang='lat' dir='ltr'>Latrocinium‚</span> <span class='ocrx_word' id='word_1_249' title='bbox 459 1963 539 1998; x_wconf 86' lang='lat' dir='ltr'>licet</span> <span class='ocrx_word' id='word_1_250' title='bbox 553 1976 618 1999; x_wconf 87' lang='lat' dir='ltr'>non</span> <span class='ocrx_word' id='word_1_251' title='bbox 634 1974 752 2005; x_wconf 88' lang='lat' dir='ltr'>morte,</span> <span class='ocrx_word' id='word_1_252' title='bbox 776 1962 831 1996; x_wconf 90' lang='lat' dir='ltr'>sed</span> <span class='ocrx_word' id='word_1_253' title='bbox 851 1973 983 1997; x_wconf 89' lang='lat' dir='ltr'>carcere</span> <span class='ocrx_word' id='word_1_254' title='bbox 1001 1971 1057 1996; x_wconf 89' lang='lat' dir='ltr'>aut</span> <span class='ocrx_word' id='word_1_255' title='bbox 1083 1961 1194 2004; x_wconf 80' lang='lat' dir='ltr'>flagris</span> <span class='ocrx_word' id='word_1_256' title='bbox 1213 1959 1402 2004; x_wconf 86' lang='lat' dir='ltr'>castigetur,</span> <span class='ocrx_word' id='word_1_257' title='bbox 1427 1954 1555 1990; x_wconf 77' lang='lat' dir='ltr'>felonia</span> <span class='ocrx_word' id='word_1_258' title='bbox 1572 1954 1618 1988; x_wconf 90' lang='lat' dir='ltr'>est</span> 
     </span>
     <span class='ocr_line' id='line_1_30' title="bbox 192 2008 1029 2059; baseline -0.002 -13"><span class='ocrx_word' id='word_1_259' title='bbox 192 2011 371 2046; x_wconf 83' lang='lat' dir='ltr'>secundum</span> <span class='ocrx_word' id='word_1_260' title='bbox 387 2010 562 2059; x_wconf 87' lang='lat' dir='ltr'>quosdam,</span> <span class='ocrx_word' id='word_1_261' title='bbox 587 2011 668 2045; x_wconf 89' lang='lat' dir='ltr'>licet</span> <span class='ocrx_word' id='word_1_262' title='bbox 686 2010 744 2044; x_wconf 84' lang='lat' dir='ltr'>alii</span> <span class='ocrx_word' id='word_1_263' title='bbox 762 2009 860 2044; x_wconf 84' lang='lat' dir='ltr'>aliter</span> <span class='ocrx_word' id='word_1_264' title='bbox 873 2008 1029 2044; x_wconf 87' lang='lat' dir='ltr'>sentiant.</span> 
     </span>
    </p>
   </div>
   <div class='ocr_carea' id='block_1_4' title="bbox 239 2084 1527 2225">
    <p class='ocr_par' dir='ltr' id='par_1_9' title="bbox 239 2084 1527 2225">
     <span class='ocr_line' id='line_1_31' title="bbox 239 2084 1527 2135; baseline -0.009 -10"><span class='ocrx_word' id='word_1_265' title='bbox 239 2089 304 2125; x_wconf 87' lang='lat' dir='ltr'>Sed</span> <span class='ocrx_word' id='word_1_266' title='bbox 321 2091 356 2125; x_wconf 87' lang='lat' dir='ltr'>in</span> <span class='ocrx_word' id='word_1_267' title='bbox 381 2101 422 2125; x_wconf 89' lang='lat' dir='ltr'>eo</span> <span class='ocrx_word' id='word_1_268' title='bbox 439 2088 623 2135; x_wconf 85' lang='lat' dir='ltr'>differunt]</span> <span class='ocrx_word' id='word_1_269' title='bbox 664 2087 769 2122; x_wconf 91' lang='lat' dir='ltr'>Unde</span> <span class='ocrx_word' id='word_1_270' title='bbox 791 2087 876 2133; x_wconf 85' lang='lat' dir='ltr'>apud</span> <span class='ocrx_word' id='word_1_271' title='bbox 896 2087 1004 2123; x_wconf 82' lang='lat' dir='ltr'>Plaut.</span> <span class='ocrx_word' id='word_1_272' title='bbox 1020 2085 1118 2134; x_wconf 87' lang='lat' dir='ltr'>Epid.</span> <span class='ocrx_word' id='word_1_273' title='bbox 1137 2088 1164 2121; x_wconf 88' lang='grc' dir='ltr'>Ι.</span> <span class='ocrx_word' id='word_1_274' title='bbox 1185 2097 1213 2119; x_wconf 88' lang='lat'>1.</span> <span class='ocrx_word' id='word_1_275' title='bbox 1240 2084 1358 2119; x_wconf 87' lang='lat' dir='ltr'>Servus</span> <span class='ocrx_word' id='word_1_276' title='bbox 1374 2092 1527 2127; x_wconf 80' lang='lat' dir='ltr'>nequam.</span> 
     </span>
     <span class='ocr_line' id='line_1_32' title="bbox 522 2133 1290 2181; baseline -0.008 -10"><span class='ocrx_word' id='word_1_277' title='bbox 522 2150 580 2171; x_wconf 79' lang='lat' dir='ltr'>Tu.</span> <span class='ocrx_word' id='word_1_278' title='bbox 606 2136 716 2170; x_wconf 85' lang='lat' dir='ltr'>Minus</span> <span class='ocrx_word' id='word_1_279' title='bbox 726 2137 794 2176; x_wconf 84' lang='lat' dir='ltr'>jam</span> <span class='ocrx_word' id='word_1_280' title='bbox 805 2135 951 2181; x_wconf 84' lang='lat' dir='ltr'>furtificus</span> <span class='ocrx_word' id='word_1_281' title='bbox 960 2134 1030 2180; x_wconf 85' lang='lat' dir='ltr'>sum</span> <span class='ocrx_word' id='word_1_282' title='bbox 1046 2145 1136 2179; x_wconf 87' lang='lat' dir='ltr'>quam</span> <span class='ocrx_word' id='word_1_283' title='bbox 1154 2133 1290 2166; x_wconf 84' lang='lat' dir='ltr'>antehac.</span> 
     </span>
     <span class='ocr_line' id='line_1_33' title="bbox 526 2182 1249 2225; baseline -0.006 -8"><span class='ocrx_word' id='word_1_284' title='bbox 526 2195 576 2218; x_wconf 63' lang='grc' dir='ltr'>ει).</span> <span class='ocrx_word' id='word_1_285' title='bbox 647 2184 695 2216; x_wconf 80' lang='lat' dir='ltr'>uid</span> <span class='ocrx_word' id='word_1_286' title='bbox 711 2184 783 2216; x_wconf 82' lang='lat' dir='ltr'>ita?</span> <span class='ocrx_word' id='word_1_287' title='bbox 826 2195 882 2217; x_wconf 75' lang='lat' dir='ltr'>ru.</span> <span class='ocrx_word' id='word_1_288' title='bbox 907 2183 1061 2216; x_wconf 88' lang='lat' dir='ltr'><em>RAPIO</em></span> <span class='ocrx_word' id='word_1_289' title='bbox 1079 2182 1249 2225; x_wconf 84' lang='lat' dir='ltr'>propalam.</span> 
     </span>
    </p>
   </div>
   <div class='ocr_carea' id='block_1_5' title="bbox 194 2253 1619 2396">
    <p class='ocr_par' dir='ltr' id='par_1_10' title="bbox 194 2253 1619 2396">
     <span class='ocr_line' id='line_1_34' title="bbox 241 2253 1619 2308; baseline -0.009 -12"><span class='ocrx_word' id='word_1_290' title='bbox 241 2262 274 2296; x_wconf 89' lang='lat' dir='ltr'>Si</span> <span class='ocrx_word' id='word_1_291' title='bbox 294 2262 369 2308; x_wconf 83' lang='lat' dir='ltr'>quis</span> <span class='ocrx_word' id='word_1_292' title='bbox 391 2273 461 2296; x_wconf 91' lang='lat' dir='ltr'>rem</span> <span class='ocrx_word' id='word_1_293' title='bbox 488 2260 698 2295; x_wconf 86' lang='lat' dir='ltr'>immobilem</span> <span class='ocrx_word' id='word_1_294' title='bbox 719 2259 835 2294; x_wconf 85' lang='lat' dir='ltr'>invafit</span> <span class='ocrx_word' id='word_1_295' title='bbox 850 2259 875 2306; x_wconf 82' lang='lat'>3]</span> <span class='ocrx_word' id='word_1_296' title='bbox 911 2261 991 2305; x_wconf 80' lang='lat' dir='ltr'>Rapi</span> <span class='ocrx_word' id='word_1_297' title='bbox 1008 2257 1207 2292; x_wconf 76' lang='lat' dir='ltr'>dicebantur</span> <span class='ocrx_word' id='word_1_298' title='bbox 1224 2267 1276 2291; x_wconf 88' lang='lat' dir='ltr'>res</span> <span class='ocrx_word' id='word_1_299' title='bbox 1290 2253 1430 2290; x_wconf 85' lang='lat' dir='ltr'>mobiles</span> <span class='ocrx_word' id='word_1_300' title='bbox 1449 2269 1461 2295; x_wconf 76' lang='lat'>5</span> <span class='ocrx_word' id='word_1_301' title='bbox 1493 2253 1619 2286; x_wconf 85' lang='lat' dir='ltr'>Immo-</span> 
     </span>
     <span class='ocr_line' id='line_1_35' title="bbox 194 2306 898 2354; baseline -0.003 -10"><span class='ocrx_word' id='word_1_302' title='bbox 194 2308 279 2344; x_wconf 88' lang='lat' dir='ltr'>biles</span> <span class='ocrx_word' id='word_1_303' title='bbox 297 2321 362 2343; x_wconf 87' lang='lat' dir='ltr'>non</span> <span class='ocrx_word' id='word_1_304' title='bbox 379 2310 463 2354; x_wconf 84' lang='lat' dir='ltr'>rapi,</span> <span class='ocrx_word' id='word_1_305' title='bbox 489 2306 544 2342; x_wconf 90' lang='lat' dir='ltr'>sed</span> <span class='ocrx_word' id='word_1_306' title='bbox 564 2309 664 2344; x_wconf 80' lang='lat' dir='ltr'>invadi</span> <span class='ocrx_word' id='word_1_307' title='bbox 687 2306 898 2342; x_wconf 85' lang='lat' dir='ltr'>dicebantur.</span> 
     </span>
     <span class='ocr_line' id='line_1_36' title="bbox 985 2349 1619 2396; baseline -0.019 -4"><span class='ocrx_word' id='word_1_308' title='bbox 985 2354 1017 2392; x_wconf 90' lang='lat' dir='ltr'>F</span> <span class='ocrx_word' id='word_1_309' title='bbox 1047 2349 1072 2390; x_wconf 90' lang='lat' dir='ltr'>f</span> <span class='ocrx_word' id='word_1_310' title='bbox 1543 2354 1619 2396; x_wconf 86' lang='lat' dir='ltr'>que</span> 
     </span>
    </p>
   </div>
  </div>
 </body>
</html>
