2059 2812
464 156 559 206 168
855 147 1118 199 Elementa
1145 147 1293 214 Jurzk
1322 148 1491 202 Civilp's

509 264 546 297 9.
577 248 726 288 Pastum
746 244 811 287 vel
831 246 964 286 nudum
983 247 1052 295 est,
1080 246 1146 287 vel
1163 261 1231 286 non
1257 247 1404 288 nudum.
1447 249 1600 290 Nudum
1619 250 1688 300 est,
1716 251 1827 304 quod
1845 252 1886 292 in

450 312 568 352 nudis
600 310 740 364 placiti
771 316 806 352 ὅ(
833 310 1115 352 conventionis
1145 310 1289 351 finibus
1323 310 1513 362 subfistit‚
1548 319 1582 355 ὃ(
1613 328 1694 354 non
1724 315 1887 368 quidem

451 374 635 413 AHionem
656 371 860 427 producit,
888 373 957 413 sed
971 374 1228 427 exceptionem.
1284 376 1372 414 Non
1391 374 1537 425 nudum,
1565 377 1672 430 quod
1689 378 1887 418 actionem

447 435 652 486 producit,
681 435 746 474 vel
763 436 856 488 quia
875 435 1078 488 speciatim
1097 436 1134 475 ei
1155 436 1231 485 lex,
1262 437 1325 475 vel
1344 437 1439 490 quia
1454 440 1609 478 Praetor
1626 438 1792 491 adfistit3
1822 440 1887 480 vel

449 501 543 551 quia
563 501 602 539 in
624 500 852 540 continenti
871 501 1096 540 contractui
1116 500 1232 541 bonae
1249 500 1344 540 fidei
1375 499 1570 554 adjectum
1593 504 1672 554 est3
1715 517 1887 556 quorum

449 562 553 602 illud
580 563 727 603 Paccium
758 564 995 617 Legitimum,
1025 564 1126 603 illud
1157 563 1305 603 Paetum
1332 564 1559 613 mmor-ium,
1589 566 1667 606 hoc
1696 567 1885 621 Adjeilum

448 635 631 666 vocatur.

503 703 564 729 10.
595 690 838 730 Contrastus
871 689 928 728 ita
958 690 1164 737 ineuntur,
1195 698 1238 729 ut
1267 689 1330 728 vel
1358 692 1541 744 consensus
1569 705 1675 730 verus
1701 691 1886 742 utrinque

447 749 568 801 adfit3
600 751 665 791 vel
684 766 731 791 ex
761 749 890 790 alterii
911 760 1023 804 parte
1050 750 1118 790 ille
1137 765 1184 790 ex
1203 751 1392 803 aequitate
1412 752 1475 791 vel
1494 753 1692 792 communi
1712 752 1887 790 utilitate

440 814 692 865 praesumatur.
752 813 912 853 Priores
931 823 1126 853 vocantur
1148 812 1350 852 ContraHus
1372 815 1451 852 veri
1468 834 1479 864 3
1524 815 1761 866 posteriores
1791 813 1887 852 Obli-

440 877 628 928 gationes,
671 890 760 929 quae
794 876 895 930 quasi
919 891 966 916 ex
995 874 1174 915 contram
1206 875 1441 925 nascuntur,
1484 876 1549 916 vel
1587 876 1747 916 brevius
1778 874 1893 930 Qafi

448 940 668 983 contrabtus.

505 1026 566 1051 11.
598 1012 697 1054 Veri
729 1012 970 1053 Contractus
996 1010 1061 1051 vel
1088 1025 1214 1050 nomen
1242 1014 1276 1049 &
1311 1011 1450 1063 causam
1480 1009 1591 1049 fimul
1622 1010 1782 1058 habent,
1822 1009 1888 1048 vel

445 1073 605 1114 civilem
624 1073 776 1115 causam
798 1073 873 1113 fine
895 1074 1069 1114 nomine.
1115 1073 1275 1112 Priores
1292 1082 1484 1124 Vocantur
1497 1074 1738 1112 Contractus
1754 1073 1887 1112 Nomi-

444 1136 556 1187 nati3
602 1136 844 1188 posteriores
873 1135 1116 1182 Innominatz'‚
1145 1133 1278 1185 quales
1306 1132 1395 1172 sunt
1422 1143 1592 1185 quatuor
1613 1133 1705 1172 illi:
1748 1135 1816 1183 Do,
1844 1145 1886 1173 ut

448 1200 524 1237 Des
540 1215 555 1236 ,·
586 1199 641 1236 Do
654 1209 696 1236 ut
701 1196 826 1249 facias
842 1214 855 1234 .-
886 1197 991 1236 Facio
1007 1208 1048 1236 ut
1061 1198 1135 1235 Des
1154 1213 1166 1233 :
1198 1195 1303 1234 Facio
1317 1195 1482 1248 utfacim
1499 1212 1511 1234 .-
1541 1209 1588 1235 ex
1609 1195 1748 1248 quibus
1767 1197 1888 1238 etiam

442 1274 522 1299 non
540 1260 760 1300 nascuntur
781 1260 957 1300 afflones
976 1259 1249 1314 cognomines,
1267 1257 1335 1298 sed
1355 1260 1461 1298 aecio
1476 1259 1670 1313 generalis
1687 1260 1727 1299 in
1731 1260 1887 1313 fidium,

441 1324 507 1363 vel
524 1325 750 1377 praescriptis
779 1324 916 1365 verbis.

502 1409 564 1434 12.
595 1394 838 1434 contractus
858 1393 1082 1432 Innonzinati
1100 1406 1236 1433 omnes
1255 1393 1310 1443 Re
1330 1391 1534 1432 ineuntur.
1594 1391 1676 1435 Nisi
1701 1396 1806 1434 enim
1824 1406 1886 1434 res

443 1458 721 1507 interveniret,
748 1459 856 1498 *intra
884 1459 1090 1510 paritorum
1117 1467 1299 1497 naturam
1333 1455 1592 1496 subfisterent.
1649 1458 1886 1499 Nominato-

444 1535 533 1561 rum
552 1532 684 1561 autem
703 1522 772 1560 alii
793 1521 1046 1560 substantiam
1061 1520 1236 1573 capiunt,
1254 1517 1319 1557 vel
1338 1519 1528 1560 ineuntur
1546 1521 1601 1571 Rq
1612 1540 1625 1572 ‚·
1656 1521 1725 1560 alii
1744 1522 1859 1563 verba}
1867 1546 1884 1578 ,-

443 1585 514 1625 alii
536 1585 724 1636 Litteris3
752 1585 824 1623 alii
851 1584 1031 1637 Constrzfic.

504 1672 567 1706 13.
597 1659 687 1712 Jam
718 1669 841 1708 quum
876 1655 920 1694 hi
951 1654 1180 1695 contractus
1203 1668 1338 1696 omnes
1366 1657 1440 1698 fint
1465 1656 1783 1708 conventiones,
1823 1659 1884 1701 hae

443 1732 542 1759 vero
561 1719 768 1761 consensus
793 1720 834 1758 in
858 1719 963 1758 idem
990 1717 1180 1770 placitum
1204 1718 1254 1758 de
1282 1720 1414 1761 dando
1437 1721 1573 1773 aliquo
1587 1723 1649 1762 vel
1672 1722 1882 1765 faciendo:

443 1782 621 1834 sequitur
649 1791 693 1820 ut
723 1781 787 1820 vel
819 1780 964 1834 utrique
993 1777 1273 1820 contrahentes
1303 1782 1342 1822 se
1375 1781 1425 1822 ad
1452 1781 1626 1822 dandum
1658 1784 1780 1836 quid,
1820 1789 1883 1827 vel

445 1846 672 1885 faciendum
701 1844 900 1898 obligent,
941 1844 1004 1883 vel
1032 1844 1208 1884 alteruter
1242 1853 1397 1884 tantum
1430 1842 1629 1899 obligatus
1658 1845 1715 1886 fit.
1772 1850 1882 1889 Hinc

444 1910 686 1949 Commotus
715 1909 756 1946 in
774 1908 1010 1957 Bilaterales,
1043 1908 1254 1960 (ὢπλεύρκς)
1285 1913 1319 1949 ὅ(
1340 1907 1605 1947 Unilaterales
1627 1910 1878 1967 (μονοπλεύρες)

440 1973 551 2012 redte
570 1971 818 2012 dividuntur.

500 2054 561 2088 14·
591 2042 702 2092 Ergo
727 2039 990 2080 ‘Unilaterales
1019 2039 1225 2080 Contrafim·
1253 2035 1541 2080 tantum‘unmn
1570 2040 1767 2082 :ustionem
1788 2058 1879 2096 pro-

443 2103 621 2143 ducunt:
651 2102 875 2144 bilaterales
900 2105 1011 2153 duas,
1039 2110 1073 2146 ὃ(
1096 2104 1253 2157 quidem
1272 2115 1479 2155 utramque
1507 2103 1688 2154 (ι’ἑνεέἔαηι,
1718 2107 1741 2147 fi
1772 2119 1880 2149 uter-

443 2181 519 2219 que
543 2167 672 2208 statim
699 2167 916 2221 obligatur.
980 2170 1045 2209 Sin
1074 2183 1174 2209 unus
1195 2169 1329 2216 initio,
1366 2169 1468 2209 alter
1489 2183 1536 2209 ex
1560 2171 1648 2223 post
1675 2168 1785 2211 saeco
1811 2172 1878 2212 d'e-

444 2245 553 2272 mum
573 2231 789 2285 obligatur,
813 2244 955 2275 contra
973 2234 1086 2274 illum
1102 2233 1251 2282 diretta,
1270 2244 1412 2273 contra
1427 2233 1535 2275 hunc
1552 2234 1741 2275 Contraria
1757 2237 1876 2278 Actio

443 2297 577 2345 datur,
594 2309 762 2348 quarum
782 2299 866 2341 haec
884 2297 1037 2353 semper
1056 2298 1106 2339 ad
1124 2297 1440 2352 consequendam
1456 2298 1753 2342 indemnitatem
1773 2315 1876 2342 com-

442 2367 580 2412 parata
598 2360 665 2401 est.
1731 2378 1792 2411 15.
1823 2363 1874 2403 lis
