2059 2812
393 150 457 198 30
801 131 1064 183 Elementa
1094 130 1241 198 Jnrbs
1268 133 1437 186 Civilis

444 246 482 273 2.
515 231 652 272 Primo
674 240 851 278 cavetur,
880 243 931 269 ne
960 244 1045 283 quae
1064 231 1131 271 fiat
1150 232 1403 273 Manumiffio
1423 234 1463 274 in
1491 234 1673 275 fraudem
1692 236 1836 277 Credi-

386 306 535 337 torum.
580 300 625 334 In
645 293 825 334 fraudem
845 304 975 334 autem
989 295 1251 337 Creditorum
1272 299 1553 340 manumittere
1574 300 1750 350 videtur,
1768 302 1837 350 qui

386 358 452 398 vel
478 359 552 408 jam
573 371 622 395 eo
643 366 841 407 tempore,
870 369 950 406 quo
969 359 1233 404 manumittit,
1262 358 1459 395 solvendo
1478 370 1560 397 non
1580 360 1649 407 est,
1678 359 1742 399 vel
1769 360 1837 414 qui

387 418 489 458 datis
507 417 763 457 libertatibus
783 416 977 457 desiturus
997 419 1051 458 est
1069 416 1266 458 solvendo
1287 419 1378 458 effe.

442 496 478 529 3.
510 484 554 519 In
584 480 770 519 fraudem
796 492 927 520 autem
947 480 1211 521 Creditorum
1241 495 1325 521 non
1356 482 1538 523 censetur
1564 485 1670 525 facita
1701 500 1836 527 manu-

385 544 524 594 miffio,
555 543 624 583 nisi
643 554 854 584 concurrat
880 544 1160 594 1.Confilium,
1187 549 1223 586 ὅ(
1244 548 1488 595 2.Eventus‚
1517 550 1593 590 1'.e.
1614 550 1682 590 nifi
1703 565 1836 591 manu-

384 607 546 647 mittens
565 609 738 647 animum
765 607 979 648 fraudandi
1000 607 1198 658 habuerit,
1228 616 1264 651 ὃς
1289 611 1527 651 Creditores
1556 612 1745 654 damnum
1775 628 1835 655 re-

383 676 476 713 vera
495 672 702 712 senserint.

436 751 476 785 4.
507 737 689 776 Secundo
718 735 975 789 prohibetur,
1005 750 1056 776 ne
1083 738 1219 779 minor
1239 740 1385 795 viginti
1416 743 1528 782 annis
1561 744 1830 793 manumittat,

381 798 451 838 nifi
472 799 664 842 Vindicta
692 800 798 852 apud
830 799 1048 841 confilium
1081 801 1148 853 (id
1167 805 1234 853 est,
1264 804 1370 858 apud
1397 805 1648 861 Collegium,
1677 807 1720 847 in
1753 822 1835 862 quo

381 864 527 904 Romae
548 864 842 904 adhibebantur
867 880 903 912 5.
922 868 1144 916 Senatores,
1176 873 1212 910 ὅ(
1247 885 1284 917 5.
1305 871 1497 923 Equites3
1539 872 1581 911 in
1610 873 1834 915 Provinciis

381 941 447 967 20.
469 929 810 982 RecuperatoreS,
840 930 943 970 cives
964 931 1166 984 Romani)
1188 933 1288 986 justa
1306 934 1614 975 manumiffionis
1633 937 1748 976 causa
1767 951 1834 989 ap-

378 990 578 1042 probat2⁴25
623 992 731 1046 quod
750 993 838 1045 post
858 994 1083 1033 restrictum
1118 994 1167 1034 ad
1189 997 1363 1037 minores
1387 1003 1448 1039 18.
1471 999 1597 1039 Annis
1614 1010 1643 1050 3·
1673 1000 1833 1040 tandem

378 1055 706 1109 &impuberibus
741 1057 880 1098 eadem
912 1069 1044 1108 aetate,
1072 1074 1151 1113 qua
1181 1060 1272 1113 alia,
1302 1063 1566 1104 &libertates
1594 1065 1832 1106 testamento

377 1118 475 1159 dare
494 1120 737 1172 permiffum.

434 1199 472 1230 5.
503 1187 556 1224 Et
591 1186 711 1225 semel
744 1186 906 1238 quidem
936 1186 1046 1226 causa
1080 1187 1148 1225 illa
1175 1190 1412 1239 approbata,
1441 1190 1518 1229 sive
1546 1203 1641 1230 vera
1668 1190 1728 1238 fit,
1757 1190 1831 1232 five

376 1244 490 1294 falsa,
519 1246 659 1286 favore.
678 1247 877 1287 libertatis
897 1261 979 1287 non
1001 1250 1256 1290 retractatur.

430 1318 467 1350 6.
500 1312 621 1365 Justae
641 1322 774 1351 autem
795 1312 1104 1351 manumiffionis
1119 1312 1243 1353 causae
1259 1314 1363 1363 sunt,
1384 1315 1449 1356 vel
1463 1316 1647 1356 honestus
1668 1319 1831 1360 affeetus

374 1374 483 1415 forte
517 1388 612 1428 erga
642 1378 820 1425 Patrem,
848 1380 1044 1425 Matrem,
1075 1377 1241 1428 Filium,
1271 1379 1416 1429 filiam,
1445 1379 1592 1420 fratres
1624 1382 1832 1424 sororesve

374 1438 572 1478 naturales
594 1458 605 1489 3
636 1449 704 1478 aut
724 1439 1004 1493 Paedagogum,
1035 1452 1102 1480 aut
1123 1443 1332 1493 nutricem,
1364 1455 1433 1484 aut
1452 1444 1735 1496 Educatorem,
1762 1458 1830 1488 aut

375 1503 605 1551 Alumnum‚
625 1515 693 1543 aut
711 1503 1004 1544 collactaneum
1018 1507 1381 1559 manuinittend053
1413 1509 1511 1548 item
1530 1522 1624 1563 erga
1643 1511 1829 1552 ancillam

374 1567 481 1608 intra
504 1576 540 1608 6.
562 1568 710 1608 menses
729 1582 895 1609 uxorem
915 1568 1162 1612 ducendam:
1194 1573 1305 1628 Justa
1324 1572 1447 1612 etiam
1468 1574 1579 1614 causa
1602 1574 1829 1625 videbatur,

373 1629 401 1670 fi
420 1633 506 1685 quis
527 1632 831 1673 manumitteret
850 1632 1008 1674 servum
1034 1649 1117 1675 non
1137 1636 1337 1677 minorem
1361 1653 1424 1684 17.
1453 1639 1564 1678 annis
1588 1650 1826 1692 procurato-

372 1696 427 1736 ris
456 1696 631 1737 habendi
666 1697 791 1739 causa.

372 1782 461 1818 luvie
476 1782 651 1817 adflueret.
676 1784 766 1831 Saepe
784 1785 888 1819 etiam
903 1786 1043 1819 Domini
1059 1785 1172 1822 servos
1185 1799 1302 1822 omnes
1316 1788 1601 1823 manumittebant
1616 1790 1649 1823 in
1667 1788 1822 1825 fraudem

372 1830 591 1864 Creditorum
607 1852 651 1858 -
667 1832 759 1878 Saepe
775 1832 864 1866 Servi
885 1845 902 1866 a
922 1833 1122 1876 minoribus,
1149 1846 1292 1880 quorum
1309 1847 1439 1870 amores
1460 1835 1669 1883 adjuverant,
1685 1837 1824 1872 liberta-

373 1888 442 1911 tem
464 1876 524 1911 sibi
545 1878 706 1912 mercedis
726 1878 804 1913 loco
832 1879 1089 1927 stipulabantun
1113 1881 1207 1928 cujus
1234 1883 1283 1917 rei
1315 1884 1468 1930 exempla
1498 1883 1605 1918 multa
1631 1883 1822 1930 depingunt

372 1925 501 1958 Plautus
517 1924 549 1958 &
564 1925 737 1962 Terentius.

420 1972 711 2019 Recuperatores]
752 1975 882 2008 Horum
903 1973 1020 2009 crebra
1038 1975 1126 2022 apud
1143 1986 1270 2011 veteres
1289 1976 1329 2011 fit
1347 1978 1491 2020 mentio,
1515 1977 1681 2026 quodque
1700 1989 1820 2013 eorum

371 2016 475 2052 fuerit
485 2018 658 2064 Officium,
677 2020 856 2066 praesertim
869 2020 983 2066 colligi
999 2023 1106 2070 potest
1119 2035 1159 2057 ex
1168 2025 1335 2058 Oratione
1347 2026 1495 2060 Ciceronis
1509 2038 1570 2072 pro
1586 2027 1703 2061 Caecina
1715 2036 1818 2073 quam

371 2064 413 2099 ad
432 2067 703 2113 Recuperatores
719 2068 848 2103 habuit.
902 2071 1067 2104 Meminit
1084 2074 1121 2106 &
1137 2073 1242 2106 Plaut.
1263 2073 1409 2107 Bacchid.
1429 2073 1499 2107 Ast.
1519 2086 1549 2118 3.
1574 2073 1626 2107 Sc.
1647 2085 1679 2120 3.

704 2116 862 2162 Postquam
879 2118 1000 2162 quidem
1013 2119 1122 2153 Praetor
1138 2120 1522 2156 RECVPERATORES
1538 2121 1635 2163 dedit,

708 2165 886 2198 Damnatus
905 2165 1036 2207 demum,
1064 2168 1094 2200 νὶ
1111 2170 1226 2201 coaetus
1244 2168 1376 2202 reddidit

709 2213 866 2246 Ducentos
884 2210 922 2246 (7'
939 2214 1017 2246 mille
1033 2212 1212 2259 Philippdm.

420 2255 508 2288 Hinc
525 2261 771 2301 recuperatorium
783 2260 933 2301 judicium
949 2259 1037 2307 apud
1054 2263 1240 2304 Ciceronem,
1268 2264 1451 2305 Suetonium,
1478 2263 1623 2305 Plinium,
1650 2261 1742 2309 quod
1760 2274 1819 2310 per

372 2300 568 2348 hujusmodi
578 2303 708 2349 judices
725 2319 744 2341 a
762 2308 922 2350 Praetore,
948 2317 986 2343 ut
1003 2307 1046 2342 de
1064 2309 1200 2356 privatis
1218 2309 1465 2354 cognoscerent
1482 2309 1732 2353 controversiis,
1759 2309 1818 2344 da-

371 2357 438 2393 tos,
463 2350 694 2387 exercebatur.

1540 2406 1574 2440 T
1600 2416 1617 2439 1
1643 2418 1676 2440 T.
1731 2405 1811 2439 VII.
