2059 2812
617 146 729 198 Lib.
769 144 860 197 JV.
934 145 1031 198 Tit.
1070 145 1239 197 XVII.
1548 163 1648 217 279

277 265 309 298 3·
341 251 443 305 Qae
463 246 503 286 in
527 243 646 284 variis
668 245 918 293 Affiofflbus,
947 258 990 285 ac
1015 244 1175 299 judiciis
1194 243 1438 286 observanda
1453 245 1523 287 fint
1542 260 1564 286 a
1578 250 1648 303 Ju-

218 310 322 363 diee,
350 308 536 364 exemplis
557 308 597 348 in
615 308 693 350 hoc
712 309 856 351 Titulo
875 307 991 350 docet
1013 313 1249 362 Imperator.

697 422 742 469 T
782 436 802 470 1
841 437 891 469 T.
964 421 1159 471 XVIII.

635 518 716 569 De
751 519 963 570 Publicis
997 517 1227 584 Judiciis.

278 634 310 658 1.
343 617 536 659 Absoluta
571 632 646 671 pro
676 616 799 657 modo
830 616 1000 657 instituti
1032 617 1165 669 operis
1194 631 1239 657 ea
1266 628 1380 670 parte
1403 618 1517 673 juris,
1545 621 1649 676 cujus

217 678 337 719 solius
357 680 545 721 traCtatio
562 681 732 733 suscepta
750 680 818 728 est,
847 679 995 719 scilicet
1019 679 1258 719 tractatione
1278 681 1376 733 juris
1402 682 1565 733 privati,
1591 694 1650 724 at-

217 743 317 782 texit
336 749 574 798 Imperator,
602 744 767 783 auctarii
787 743 888 790 vice,
916 742 1150 794 particulam
1168 743 1340 796 aliquam
1359 745 1582 799 decerptam
1600 763 1649 790 ex

214 806 302 859 jure
330 807 523 860 publico3
550 821 595 846 ea
614 805 801 845 videlicet
822 805 1052 860 illiusJuris
1078 817 1205 859 parte,
1233 820 1318 859 quae
1335 807 1440 862 leges
1466 811 1650 852 continet

215 867 468 919 publicorum
484 868 741 921 judiciorum.
800 866 944 907 Voluit
959 867 1150 907 nimirum
1166 867 1318 920 aliquid
1336 871 1558 912 acceffionis
1578 887 1649 914 no-

215 928 275 967 bis
295 928 403 979 dare,
421 942 643 983 quanquam
659 932 780 982 parce
794 927 921 979 dedit,
952 929 1135 970 indicatis
1152 940 1304 970 tantum
1324 931 1516 983 fontibus,
1544 933 1647 974 unde

213 992 328 1045 plura
347 993 505 1032 haurire
520 993 650 1034 liceat.

270 1071 307 1095 2.
338 1056 517 1094 Crimina
535 1069 631 1095 vero
644 1055 790 1109 publica
805 1056 994 1096 differunt
1014 1071 1034 1096 a
1048 1058 1228 1111 privatis.
1285 1061 1389 1101 Nam
1407 1074 1453 1100 ea
1468 1074 1549 1101 non
1569 1063 1650 1114 pri-

213 1118 296 1159 vati
324 1117 635 1170 persequuntur,
678 1131 847 1171 quorum
880 1119 1061 1167 interest,
1100 1120 1167 1160 sed
1199 1120 1444 1174 respublica:
1487 1129 1522 1164 &
1553 1123 1649 1163 hinc

214 1180 430 1232 unicuique
463 1180 667 1220 accusandi
699 1181 754 1233 jus
781 1182 860 1228 est,
902 1181 970 1220 nifi
1001 1183 1086 1234 quis
1116 1182 1323 1235 speciatim
1357 1183 1648 1238 prohibeatur;

214 1241 436 1282 dummodo
455 1240 656 1282 accusator
685 1241 903 1283 subscribat
922 1243 960 1281 in
980 1243 1145 1293 crimen,
1175 1244 1228 1303 id·
1244 1245 1313 1293 est,
1341 1245 1482 1285 libello
1510 1245 1549 1286 se
1576 1246 1649 1287 ob-

215 1305 379 1362 stringat
399 1304 447 1343 ad
468 1318 630 1358 poenam
648 1305 825 1353 talionis,
853 1304 878 1344 fi
896 1305 1101 1348 calumniae
1120 1307 1321 1348 convictus
1340 1306 1481 1350 fuerit.

314 1412 480 1479 JUS
509 1414 1149 1467 ANGLICANUM
1173 1418 1234 1467 ad
1254 1419 1539 1471 Tit.XVII.

260 1511 508 1546 Sacramentum
527 1513 771 1558 Justict'ariorum
789 1514 963 1558 Regiorum,
989 1518 1026 1549 &
1045 1517 1195 1550 Baronum
1220 1517 1256 1550 de
1280 1519 1442 1552 Scaccario
1466 1519 1510 1552 est
1533 1516 1645 1563 hujus-

214 1556 335 1599 modi,
363 1558 454 1604 quod
480 1557 608 1593 scilicet
637 1560 720 1594 bene
739 1564 775 1595 δε
794 1560 944 1594 fideliter
964 1563 1051 1604 Regi
1071 1562 1209 1608 ejusque
1228 1562 1354 1609 populo
1373 1563 1563 1606 inservient,
1589 1577 1647 1599 ne-

213 1617 279 1649 que
296 1604 488 1639 consensum
513 1604 607 1640 suum
625 1607 673 1640 rei
693 1608 850 1653 cuiquam
870 1606 1075 1652 praebebunt,
1102 1620 1174 1654 quae
1191 1608 1233 1643 ad
1250 1609 1411 1644 damnum
1430 1621 1487 1645 aut
1502 1612 1647 1646 exhaere-

212 1650 385 1685 dationem
415 1651 507 1687 suam
525 1653 610 1686 verti
628 1654 773 1700 poterit:
802 1652 896 1698 quod
920 1665 1029 1698 neque
1056 1653 1207 1697 feudum,
1233 1668 1342 1702 neque
1359 1656 1577 1693 liberaturam
1604 1659 1648 1693 ab

212 1698 329 1744 aliquo
358 1709 475 1745 praeter
505 1701 637 1743 Regem
668 1698 907 1734 merebuntur:
941 1700 1032 1746 quod
1059 1713 1177 1735 munus
1204 1701 1345 1748 aliquod
1373 1701 1414 1736 ab
1433 1704 1553 1749 aliquo
1585 1707 1646 1752 qui

212 1744 342 1779 causam
358 1757 471 1787 coram
485 1746 531 1780 eis
546 1745 744 1792 pendentem
761 1745 873 1788 habet,
897 1757 1015 1794 praeter
1031 1746 1199 1781 esculenta
1218 1752 1254 1783 δε
1269 1748 1447 1795 poculenta
1463 1751 1646 1787 mediocris

214 1792 347 1834 valoris,
374 1805 440 1826 non
459 1795 637 1839 accipient,
665 1805 773 1839 neque
791 1794 899 1840 postea
920 1806 980 1840 pto
1000 1793 1091 1828 causa
1106 1796 1299 1841 quicquam.
1348 1796 1450 1839 Qod
1470 1797 1644 1833 confilium

213 1839 339 1873 nemini
367 1840 402 1872 in
432 1851 467 1873 re
493 1839 614 1886 aliqua,
640 1852 712 1886 quae
730 1842 859 1884 Regem
888 1851 1024 1883 tangere
1046 1842 1163 1887 potest,
1190 1841 1383 1886 praebebunt
1403 1843 1460 1878 sub
1482 1857 1579 1890 poena
1597 1844 1645 1880 es-

212 1885 306 1920 sendi
327 1885 370 1919 ad
389 1887 493 1929 Regis
511 1887 728 1929 voluntatem,
755 1898 822 1921 tarn
843 1888 951 1934 quoad
972 1900 1125 1932 corpora,
1152 1900 1250 1933 quam
1271 1888 1382 1930 bona;
1410 1891 1502 1938 quod
1527 1893 1645 1936 Regiis

213 1934 338 1967 Literis
357 1945 425 1967 non
442 1933 714 1976 deterrebuntur,
741 1947 809 1981 quo
824 1937 942 1976 minus,
969 1933 1059 1981 quod
1072 1935 1192 1981 justum
1208 1935 1264 1978 est,
1283 1937 1407 1983 cuique
1424 1939 1558 1973 faciant.

262 2009 414 2043 Crimina
433 2022 511 2043 vero
522 2011 643 2053 publica
662 2008 825 2044 differunt
844 2022 861 2043 a
874 2010 1032 2056 privam]
1070 2009 1166 2044 Ordo
1179 2010 1305 2057 Judicii
1333 2013 1458 2059 publici
1485 2014 1540 2048 h1'c
1558 2024 1641 2049 erat.

215 2055 287 2100 Qi
304 2055 448 2102 aliquem
468 2056 620 2090 accusare
638 2056 784 2099 volebat,
811 2069 884 2090 eum
904 2059 937 2090 in
953 2059 1006 2104 jus
1033 2056 1173 2091 vocabat
1188 2058 1308 2094 eodem
1330 2060 1432 2094 modo
1453 2073 1489 2094 ac
1515 2063 1548 2095 in
1577 2063 1645 2108 pri—

212 2103 297 2136 vatis
323 2101 482 2147 judiciis3
511 2106 545 2137 &
572 2104 634 2136 hoc
651 2101 732 2149 saepe
758 2104 898 2149 juvenes
928 2104 1116 2139 nobiliffimi
1145 2104 1324 2148 faciebant,
1352 2109 1410 2155 qui
1437 2118 1479 2141 ex
1495 2109 1643 2142 virorum

211 2148 388 2183 illustrium
405 2148 615 2183 accusatione
643 2150 784 2194 gloriam
803 2149 862 2184 fibi
878 2151 1138 2197 aucupabantur,
1163 2152 1215 2185 vel
1242 2165 1278 2187 ut
1294 2153 1448 2199 loquitur
1464 2157 1567 2189 Cicero
1582 2167 1644 2199 pro

213 2197 314 2238 Coelio,
342 2197 571 2241 adolescentiam
594 2196 683 2241 suam
710 2198 911 2232 commendare
938 2201 1085 2233 volebant.
1138 2197 1219 2231 Inde
1244 2201 1428 2235 Accusator
1451 2213 1468 2234 a
1497 2204 1643 2236 Praetore

214 2241 399 2288 postulabat
419 2253 453 2276 ut
472 2242 529 2276 fibi
547 2244 617 2289 ejus
644 2257 772 2280 NOMEN
801 2257 959 2280 nri-‘Enna
987 2245 1280 2281 liceret.—-——-Cic.
1300 2249 1334 2281 in
1355 2249 1506 2281 Divinat.

214 2291 327 2324 Lucius
345 2289 409 2334 Pift
431 2291 560 2325 DELA
570 2292 621 2326 TI
625 2293 764 2327 ONEM
786 2292 986 2327 NOMINIS
1007 2295 1038 2327 in
1060 2295 1133 2328 Pub.
1155 2295 1321 2329 Gabinium
1337 2295 1540 2330 POSTVLA
1549 2295 1578 2328 V
1580 2296 1598 2328 Ι
1603 2295 1642 2330 Γ.

214 2335 393 2371 Accusator
411 2348 492 2380 ergo
516 2338 580 2373 Rei
599 2351 721 2376 nomen
737 2339 900 2385 deferebat,
928 2339 1040 2386 Judcx
1059 2352 1139 2376 vero
1167 2340 1356 2388 quaestionis
1381 2343 1644 2424 recipiebzgn—l—

1541 2400 1574 2425 oe
1590 2401 1643 2425 lus
