2059 2812
428 153 530 203 134
821 134 1082 187 Elementa
1117 133 1263 202 Juris
1299 136 1466 189 Civilis

479 249 519 282 5.
551 233 661 289 Qia
681 242 812 272 tamen
831 237 970 274 Haeres
989 234 1163 275 succedit
1183 235 1222 275 in
1242 236 1328 290 jura
1349 237 1482 277 omnia
1500 236 1681 279 defuncti
1700 242 1859 282 testato·

425 298 493 349 ris,
522 298 701 349 adeoque
719 295 823 336 filius
852 310 969 338 omne
996 312 1046 339 aes
1068 298 1241 338 alienum
1260 299 1383 351 patris
1408 299 1636 350 diffolvere,
1664 303 1729 342 vel
1747 303 1860 358 igno-

423 362 584 403 minium
618 360 742 410 illam,
771 370 817 400 ut
848 361 952 402 bona
985 361 1240 402 haereditaria
1266 362 1338 401 suo
1363 362 1526 403 nomine
1553 379 1575 403 a
1594 365 1861 407 creditoribus

422 425 704 477 poflideantur,
732 423 865 465 subire
885 435 1058 474 tenetur,
1088 428 1238 466 Praeter
1267 431 1302 467 ὃ(
1318 424 1395 479 suis
1423 423 1535 465 dedit
1559 428 1770 479 Beneficium
1798 428 1860 469 ab-

415 488 594 541 stinendi3
625 489 914 543 impuberibus,
941 488 1090 530 etiamfi
1108 489 1146 530 se
1167 488 1480 540 immiscuerint3
1522 490 1749 544 puberibus,
1777 493 1801 532 fi
1821 494 1861 533 se

422 565 504 590 non
524 551 824 600 immiscuerint,
853 566 924 592 nec
943 565 1015 604 per
1034 565 1102 591 eos
1118 551 1265 591 &Cium
1281 550 1419 600 fuerit,
1436 565 1517 604 quo
1535 553 1632 606 quid
1651 568 1697 594 ex
1717 569 1763 596 ea
1781 556 1861 596 hae-

423 615 597 656 reditate
619 626 886 656 amoveretur.

481 693 517 726 6,
549 687 609 724 Ex
639 697 719 735 quo
755 684 1012 739 consequitur
1048 689 1161 726 1.Ut
1191 700 1273 726 non
1304 687 1439 726 adeant
1468 685 1758 738 haereditatem,
1792 689 1861 730 sed

422 747 551 787 statim
570 760 592 786 a
613 756 745 785 morte
765 747 964 787 testatoris
983 748 1023 787 in
1042 747 1121 802 ejus
1135 748 1200 802 jus
1210 748 1418 801 succedant.
1478 763 1515 789 2.
1547 753 1609 789 Ut
1628 746 1710 789 n'on
1728 752 1861 792 dican-

422 820 490 850 tur
501 818 570 864 pro
594 809 729 849 haerede
753 825 889 864 gerere,
919 811 985 851 sed
996 812 1040 865 se
1059 812 1281 864 immiscere;
1331 827 1363 860 3.
1382 805 1458 852 'Ut
1489 811 1762 853 haereditatem
1781 826 1861 852 non

425 874 624 928 repudiaffe
644 873 844 923 dicantur,
866 874 933 914 sed
952 876 1000 915 ab
1015 875 1151 916 eadem
1172 874 1387 930 abstirztciffi.
1445 891 1483 925 4.
1505 881 1567 918 Ut
1585 877 1862 919 haereditatem

421 938 542 977 etiam
562 951 641 976 non
661 937 807 977 aditam
825 938 872 978 ad
893 938 1068 979 haeredes
1086 940 1369 980 transmittant.

478 1023 522 1052 7..
548 1007 762 1047 Voluntarii
796 1007 883 1048 sunt
909 1011 1036 1062 quivis
1063 1010 1254 1051 extranei.
1360 1012 1398 1050 ui
1427 1024 1550 1063 quum
1577 1011 1774 1051 voluntati
1801 1011 1861 1050 ul-

423 1070 528 1110 timae
548 1071 748 1109 testatoris
773 1085 912 1122 parere
932 1086 1010 1112 non
1031 1082 1255 1123 teneantur,
1284 1074 1351 1112 nifi
1372 1076 1409 1114 sc
1438 1075 1498 1114 illi
1523 1075 1589 1114 sua
1608 1074 1746 1127 sponte
1775 1074 1862 1114 sub-

421 1133 597 1180 mittant,
633 1132 908 1174 haereditatem
930 1137 1162 1175 testamento
1181 1134 1251 1174 fibi
1270 1136 1442 1176 delatam
1460 1139 1531 1176 suo
1550 1139 1721 1177 arbitrio
1742 1144 1776 1178 ὃς
1798 1138 1861 1177 ad-

421 1195 563 1249 quirere
581 1201 616 1234 ὅ(
638 1196 806 1234 omittere
827 1197 1002 1248 poffunt.

479 1270 514 1307 8.
547 1263 777 1317 Adquirunt
803 1280 903 1320 ergo
933 1268 1223 1316 haereditatffln,
1259 1269 1323 1308 vel
1346 1269 1527 1323 expresse
1552 1271 1653 1311 hanc
1682 1272 1862 1314 volunta-

420 1339 501 1368 tem
528 1328 636 1367 iiiam
661 1328 924 1369 declarando:
956 1331 1020 1370 vel
1046 1329 1209 1370 eandem
1230 1331 1353 1371 tacite
1371 1331 1487 1373 fustis
1516 1339 1551 1375 ὅ(
1567 1333 1694 1386 reipsa
1722 1333 1863 1390 fignifi-

420 1392 560 1432 cando.
619 1392 738 1431 Prior
766 1393 906 1432 modus
932 1394 1065 1434 stridte
1088 1393 1233 1433 aditio.-
1262 1397 1462 1447 posterior
1492 1410 1569 1450 pro
1596 1396 1729 1436 haerede
1750 1399 1861 1452 gestio

420 1463 600 1493 vocatur.
658 1453 776 1492 Prior
807 1456 862 1494 est
887 1456 992 1494 aecus
1022 1454 1254 1508 legitimus3
1290 1456 1489 1507 posterior
1513 1457 1662 1496 nullam
1690 1458 1863 1499 solenni-

420 1526 539 1556 tatem
559 1515 698 1570 exigit.
758 1521 837 1557 Pro
855 1517 1014 1557 haerede
1033 1518 1140 1557 enim
1159 1530 1299 1571 gerere
1318 1517 1483 1567 dicitur,
1501 1520 1570 1572 qui
1590 1520 1736 1572 aliquid
1759 1522 1863 1574 quafi

421 1580 560 1626 haeres,
588 1584 622 1619 ὅ(
639 1578 773 1618 animo
792 1579 960 1620 haeredis
978 1579 1089 1628 facit,
1117 1594 1155 1619 V.
1173 1593 1212 1633 g.
1244 1593 1360 1633 agros
1379 1581 1528 1630 colens,
1553 1583 1763 1635 pecuniam
1781 1583 1862 1625 foe-

422 1643 514 1681 nori
534 1642 685 1692 locam,
713 1643 864 1683 credita
883 1645 1040 1699 exigens
1056 1664 1068 1696 ς
1110 1643 1180 1684 nifi
1200 1644 1262 1684 vel
1281 1658 1328 1684 ex
1346 1645 1570 1693 testatione,
1598 1647 1663 1685 vel
1681 1647 1768 1687 aliis
1799 1662 1860 1688 ar-

422 1705 619 1759 gumentis
646 1704 848 1758 adpareat,
876 1721 965 1746 eum
993 1707 1033 1747 id
1062 1721 1144 1748 non
1171 1707 1303 1747 animo
1330 1707 1515 1757 haeredis,
1544 1708 1612 1748 sed
1639 1710 1800 1763 pietatis
1825 1717 1861 1753 ὅ(

420 1768 606 1809 custodiae
625 1769 736 1810 causa
756 1768 902 1812 feciffe.

477 1854 512 1886 9.
543 1839 631 1897 Qi
657 1848 790 1879 autem
819 1839 995 1881 haeredes
1023 1839 1119 1881 fac‘ti
1152 1840 1242 1880 sunt
1270 1841 1311 1880 in
1340 1841 1564 1883 universum
1591 1843 1652 1896 jus
1677 1844 1859 1889 defuncti

421 1901 649 1949 succedunt,
677 1902 858 1955 adeoque
883 1903 932 1942 ad
955 1906 1089 1944 onmia
1113 1918 1236 1944 onera
1263 1904 1508 1945 haereditatis
1537 1915 1740 1957 tenentur,
1765 1909 1859 1949 licet

422 1964 491 2004 illa
519 1964 622 2005 vires
650 1964 894 2005 haereditatis
925 1966 1093 2007 multum
1120 1967 1336 2008 excedant:
1366 1982 1439 2008 nec
1466 1978 1606 2007 contra
1624 1968 1725 2009 illud
1751 1971 1858 2011 dam-

423 2043 515 2069 num
534 2029 757 2082 restitutione
783 2029 823 2069 in
846 2031 1026 2085 integrum
1052 2032 1256 2084 juvantur,
1285 2031 1353 2071 nifi
1372 2032 1505 2072 minor
1526 2047 1591 2079 25.
1612 2034 1721 2074 annis
1740 2036 1856 2076 adiit.

423 2117 504 2124 -----
508 2094 663 2147 Regula
685 2093 793 2133 enim
810 2094 906 2148 juris
927 2096 997 2143 est,
1025 2096 1219 2136 Neminem
1233 2097 1329 2150 P⁰ffi
1347 2095 1591 2135 haereditatem
1602 2098 1720 2150 semel
1743 2100 1858 2154 quaest.

425 2167 501 2196 tam
520 2158 722 2212 repudiare.

485 2241 545 2268 10.
564 2226 640 2272 Ad
662 2226 846 2267 evitanda
873 2241 972 2282 ergo
997 2229 1252 2270 incommoda
1276 2229 1551 2270 danmosarum
1579 2231 1857 2272 haereditatum

425 2291 545 2334 variae
565 2291 769 2334 observari
789 2302 994 2334 merentur
1014 2294 1231 2346 cautiones,
1258 2300 1293 2336 ὃ(
1313 2295 1414 2348 jura,
1443 2295 1581 2336 veluti.
1645 2312 1677 2337 1.
1709 2297 1779 2347 Jm
1795 2296 1858 2352 ab7

1694 2361 1856 2413 stinendi
