2059 2812
587 157 696 210 Lib.
734 156 819 209 W
889 153 986 207 Tit.
1025 151 1239 204 XVIII..
1538 170 1633 220 293

262 271 326 304 26.
357 261 438 301 Lex
461 258 566 310 Julia
585 257 626 297 de
646 257 823 297 Peculatu
846 257 880 294 &
908 251 1120 306 Sacrilegiz's
1149 259 1310 292 coercet
1329 263 1402 300 eos,
1445 250 1508 305 qui
1530 260 1639 304 pecu-

207 328 305 367 niam
326 319 524 378 publiham,
553 330 618 360 aut
636 335 709 359 rem
730 320 878 373 sacram
902 316 964 356 vel
986 313 1190 368 religiosam
1206 313 1656 367 ficrantur.———Pecula-'

209 400 271 428 tus
298 399 421 441 poena
453 386 508 424 est
534 383 810 437 Deportati03
853 377 1068 431 aliquando
1095 375 1324 430 quadrupli.
1382 373 1642 428 Sacrilegium

209 463 318 492 extra
337 449 535 496 ordinem,
562 454 597 489 ἃ
616 445 828 499 aliquando
847 441 1008 497 capitali
1026 454 1150 494 poena
1169 449 1394 480 coercetur.

265 529 329 561 27·
363 517 447 553 Lex
469 512 580 550 Fabia
595 511 634 551 de
650 508 851 563 Plagiariis
872 520 953 555 eos,
979 505 1049 558 qui
1072 505 1221 544 liberos
1237 504 1434 552 hominm,
1463 505 1527 545 vel
1552 504 1647 545 alie-

210 592 284 617 nos
304 577 438 616 servos
458 575 556 615 dolo
578 575 682 615 malo
715 571 859 618 celant,
888 570 951 610 vel
978 567 1214 621 surripiunt,
1242 568 1393 609 mulcta
1420 569 1647 620 pecuniaria

260 685 417 720 Succcffit
435 687 503 719 Lex
512 682 607 730 Julia
625 694 642 716 a
666 679 790 714 Caesare
804 682 872 713 lata
886 679 956 725 jam
971 679 1160 721 Dictatore,
1187 678 1281 724 cujus
1301 678 1458 712 meminit
1476 677 1549 711 Cic.
1568 677 1648 711 Phi-

212 732 294 780 lipp.
313 734 338 766 1.
359 745 391 772 9.
414 731 464 765 sed
488 730 640 771 obscure,
667 738 703 762 ut
723 727 805 773 quid
833 739 871 760 ea
895 725 1057 759 sancitum
1078 725 1128 767 fit,
1154 726 1209 759 vix
1235 724 1371 758 constet.
1425 727 1541 759 Tanto
1559 724 1650 760 cele-

214 780 307 814 brior
328 792 408 813 vero
427 779 470 812 cst
487 779 554 811 Lex
572 776 665 822 Juliae
683 774 808 819 Augusti
827 775 860 807 de
875 773 908 806 l'i
926 774 1044 817 publica
1061 772 1097 807 εἴ)
1113 775 1246 817 privata.
1301 772 1469 818 Praecipua
1488 771 1584 817 hujus
1601 771 1650 805 le-

215 829 265 870 gis
292 828 402 872 capita
428 826 597 859 servarunt
624 820 867 868 Jurilconsulti,
894 823 928 853 &
960 832 1000 852 ex
1025 821 1064 853 iis
1091 819 1230 862 collegit
1262 818 1419 861 Sigonius
1448 820 1482 852 cie
1498 818 1647 863 Judiaeiis.

215 875 318 907 Poena
337 875 384 906 vis
403 873 543 917 publice
560 880 629 904 etat
646 881 738 914 aqua:
754 872 789 903 &
814 869 899 911 ignis
916 864 1128 908 InterdictiQ
1151 867 1258 913 postea
1273 866 1488 912 Delma-atio,
1515 866 1650 911 qualem

217 933 350 968 poenam
369 917 466 952 subiit
484 919 584 953 l'ibius
601 922 738 951 Serenus.
749 936 820 941 Α·
830 916 940 948 Tacit.
957 913 1073 947 Annal.
1091 916 1151 949 1v.
1175 926 1228 959 13.
1239 915 1422 948 *Vibius
1438 917 1564 947 Serenus
1578 916 1653 948 Pro-

217 968 318 1012 consul
335 968 479 1001 ulterioris
504 965 657 1009 Hispanis:
683 964 718 996 de
740 965 788 998 VI
811 963 1009 997 PVBLICA
1030 962 1203 1003 damn-trus,
1230 961 1263 994 ob
1281 963 1473 995 atrocitatem
1494 972 1603 995 morum
1621 962 1653 994 in

219 1015 353 1060 Insulam
371 1017 531 1059 Amorgum
548 1014 730 1056 deportatur.

266 1104 337 1136 Lex
354 1099 446 1147 Julia
471 1098 505 1132 de
517 1096 677 1144 peculatu]
707 1099 791 1132 Ante
812 1099 945 1133 Servium
963 1097 1110 1137 Tullium,
1138 1096 1208 1140 qni,
1229 1097 1325 1130 Plinio
1343 1092 1436 1137 teste,
1466 1095 1593 1140 primus
1613 1107 1654 1130 aes

219 1149 329 1192 effigie
349 1149 476 1188 ovium,
503 1145 672 1191 boumque
688 1145 839 1189 fignavit,
868 1150 902 1180 δε
924 1154 961 1177 ut
975 1143 1081 1188 aliqui
1101 1141 1227 1184 volunt,
1254 1144 1356 1177 etiam
1371 1152 1559 1186 argentum,
1587 1143 1657 1175 Ro·-

222 1196 313 1230 mani
339 1195 481 1241 pretium
501 1205 609 1225 rerum
628 1194 660 1225 in
680 1191 863 1238 pecudibus
880 1188 1134 1230 constituebant,
1162 1199 1217 1222 aut
1237 1189 1354 1232 bobus,
1383 1199 1420 1223 ut
1447 1190 1488 1222 iis
1512 1201 1572 1234 pro
1590 1190 1657 1223 cri-

224 1244 316 1277 mine
335 1242 567 1281 multarentur,
592 1243 627 1273 ὃς
648 1239 822 1283 vectigalia
841 1237 1038 1285 penderent.
1090 1235 1192 1270 Unde
1210 1234 1335 1270 furtum
1355 1237 1503 1283 pecuniae
1519 1235 1659 1283 publicae

223 1300 423 1325 reovenrvs
451 1286 588 1328 dicitur,
613 1296 683 1320 tum
703 1288 785 1333 quia
806 1287 934 1331 pecuniae
953 1296 1075 1318 nomen
1091 1284 1235 1327 apecude
1260 1284 1375 1325 venit3
1403 1293 1474 1317 tum
1497 1284 1578 1330 quia
1594 1283 1660 1317 cri-

223 1338 326 1372 minis
345 1336 482 1370 initium
503 1346 521 1367 a
539 1337 641 1380 raptis
658 1332 840 1379 pecudibus
855 1334 993 1372 extitit;
1020 1341 1091 1365 tum
1110 1330 1256 1377 denique
1273 1331 1354 1376 quia
1369 1330 1528 1364 mulctam
1554 1332 1587 1364 in
1603 1343 1662 1378 pe-

223 1382 365 1419 cudibus
382 1392 479 1415 antea
496 1380 738 1426 persolvebant.
792 1381 844 1414 Est
859 1381 962 1424 igitur
980 1380 1107 1412 crimen
1125 1378 1188 1412 hoc
1204 1377 1329 1411 furtum
1344 1378 1493 1424 pecuniae
1509 1377 1660 1425 publicae,

225 1435 263 1466 &
281 1442 393 1465 rerum
409 1428 472 1463 five
490 1427 607 1474 Populi
623 1429 781 1471 Romani,
806 1426 868 1462 five
884 1425 1040 1467 Caesari53
1067 1437 1143 1459 nam
1163 1437 1213 1459 res
1230 1425 1406 1458 civitatum
1421 1423 1504 1459 furti
1529 1426 1663 1465 actione

224 1476 473 1524 repetebantur,
499 1487 574 1509 cum
599 1474 799 1510 haberentur
815 1486 877 1522 pro
903 1473 1000 1508 rebus
1026 1473 1258 1519 privatorum,
1291 1470 1585 1506 constitutionibus
1612 1481 1663 1506 ta·

226 1537 305 1558 men
324 1524 534 1569 Principum,
557 1521 578 1555 fi
600 1521 683 1568 quid
705 1521 899 1556 civitatibus
918 1518 1167 1566 surripiebatur,
1193 1518 1234 1554 ad
1264 1517 1456 1564 peculatum
1484 1517 1659 1563 redigitur.

226 1573 332 1606 Initio
349 1572 476 1604 crimen
493 1569 558 1601 hoc
574 1568 662 1601 nulla
681 1580 770 1602 certa
796 1572 832 1603 δε
853 1579 1014 1615 perpetua
1039 1565 1229 1613 scriptaque
1253 1565 1340 1609 lege,
1365 1565 1420 1599 sed
1445 1565 1499 1599 ubi
1521 1567 1594 1600 usus
1608 1578 1664 1599 ve-

227 1619 331 1660 niret,
357 1614 588 1659 rogationibus
602 1614 642 1647 ad
661 1615 826 1661 Populum
845 1614 934 1656 latis,
961 1614 1227 1658 cognitioneque
1254 1611 1468 1654 Praetoribus,
1501 1613 1553 1647 vel
1573 1614 1666 1646 Con-

228 1664 363 1699 salibus·
373 1661 526 1696 mandata
543 1660 789 1695 vindicabatur.
843 1663 895 1693 Ut
917 1659 1091 1706 proditum
1111 1663 1147 1694 ὃς
1166 1660 1208 1694 de
1230 1661 1325 1695 Lucio
1348 1661 1481 1703 Scipione
1510 1659 1664 1694 Africani

231 1710 333 1746 fratre
351 1720 451 1756 atquc
469 1707 555 1751 aliis,
581 1709 639 1754 qui
657 1707 764 1741 secum
780 1706 896 1742 eadem
914 1705 1099 1752 suspicione
1116 1706 1269 1739 criminis
1286 1705 1550 1740 involvebantur.
1602 1708 1666 1753 Ju-

230 1759 360 1793 dicium
389 1757 479 1791 enirn
506 1755 624 1789 datum
652 1753 718 1788 fuit
748 1756 782 1788 in
802 1766 891 1796 eum,
915 1752 1006 1800 quod
1030 1752 1200 1787 diceretur
1227 1754 1402 1798 pecuniam
1430 1755 1518 1799 pacis
1535 1753 1631 1787 causa
1649 1756 1675 1788 a'

231 1805 362 1851 Populo
376 1806 533 1837 Romano
550 1801 766 1848 impetrandae
784 1801 825 1835 ab
840 1802 983 1835 Antiocho
997 1798 1171 1845 accepiffC,
1197 1799 1356 1845 illamque
1376 1800 1514 1833 minime
1536 1802 1569 1834 in
1585 1801 1668 1846 pub-

232 1854 338 1887 licum
359 1849 514 1885 tetuliffe.
566 1849 699 1883 Deinde
717 1848 816 1893 Syllae
835 1847 969 1881 fortasse
988 1845 1198 1893 temporibus
1216 1847 1368 1880 criminis
1386 1847 1482 1894 hujus
1506 1857 1668 1893 perpetua

235 1900 372 1946 quaestio
395 1900 429 1931 in
449 1899 593 1931 Praetore
607 1907 701 1930 certo
720 1895 786 1930 fuit
805 1896 963 1929 instituta.
1018 1896 1142 1937 Legem
1162 1894 1270 1942 postea
1289 1894 1369 1928 tulit
1390 1897 1426 1927 C.
1435 1893 1545 1941 Julius
1560 1895 1668 1940 Caesar,

234 1958 310 1993 quse
329 1946 420 1992 plura
438 1945 612 1978 criminum
631 1945 740 1990 capita
760 1940 1029 1987 comprehendit,
1056 1952 1173 1988 nempe
1198 1940 1241 1974 de
1254 1943 1412 1985 peculatu,
1430 1941 1471 1975 dc
1489 1944 1669 1987 SacriIegio,

235 1995 278 2028 de
294 1994 440 2040 Refiduis.
493 1993 653 2026 Peculatus
683 1992 788 2034 igitur
806 1991 933 2023 crimen
960 1989 1115 2030 incurrit,
1142 1986 1295 2034 quisquis
1321 1999 1375 2022 aut
1403 1989 1486 2034 rapit
1513 1988 1591 2035 ipse,
1619 1989 1668 2022 vel

237 2041 424 2085 intercipit,
449 2040 581 2081 avertit,
607 2036 728 2079 aufert,
753 2038 856 2083 inque
880 2048 948 2069 rem
968 2035 1057 2069 suam
1083 2038 1182 2069 vertit
1212 2037 1389 2080 pecuniam
1413 2034 1596 2082 publicam,
1623 2034 1671 2069 sa-

238 2100 341 2130 ctam,
369 2085 571 2129 religiosam,
602 2084 635 2119 &
655 2086 688 2118 in
706 2096 834 2125 aurum,
860 2093 1048 2126 argentum,
1073 2094 1114 2116 aes
1138 2081 1308 2128 publicum
1332 2082 1512 2127 deterioris
1539 2081 1672 2129 aliquid

240 2136 388 2169 materiae
406 2132 597 2174 confundit,
631 2142 689 2166 aut
717 2130 828 2173 alteri,
854 2132 912 2177 qui
940 2129 1005 2163 hoc
1030 2129 1225 2170 meditetur,
1251 2142 1387 2174 operam
1417 2128 1504 2163 suam
1531 2131 1668 2175 praestat.

239 2185 292 2217 De
308 2194 450 2228 quorum
467 2181 616 2214 omnium
632 2180 665 2212 in
683 2177 855 2224 republica
879 2179 1082 2222 impunitate
1097 2189 1134 2210 ac
1160 2176 1296 2210 licentia
1312 2175 1375 2210 suis
1394 2177 1600 2222 temporibus
1621 2176 1672 2217 his

240 2228 350 2264 verbis
368 2229 589 2274 conqueritur
614 2228 663 2260 M.
681 2225 767 2260 Cato
785 2224 859 2259 sane
878 2223 1355 2259 vehementiffimis.-—-Fures
1372 2226 1556 2268 privatorum
1570 2221 1671 2266 furto-

241 2289 306 2311 rum
324 2278 354 2310 in
379 2288 477 2320 norro,
502 2284 592 2321 atque
621 2274 804 2320 compedibus
825 2280 940 2309 atatem
963 2281 1081 2318 agunt,
1120 2273 1206 2306 Fures
1225 2271 1337 2317 publici
1363 2273 1394 2306 in
1420 2284 1502 2315 auro,
1527 2278 1618 2315 atque
1642 2272 1673 2303 in

238 2334 386 2369 purpura.

1477 2395 1673 2437 coercuit.
