2059 2812
677 151 789 203 Lib.
830 151 922 203 JV.
997 149 1092 204 Tit.
1134 150 1249 204 ΧΠ.
1508 119 1515 121 i
1583 157 1686 217 267

251 254 394 295 redibas
413 251 634 305 hujusmodi
655 252 845 292 Actiones
863 260 1111 303 competunt,
1139 265 1213 292 nec
1234 250 1495 305 denegantur,
1522 252 1687 306 excepta

250 318 486 373 injuriarum
509 314 680 364 afflone,
709 315 801 366 quia
829 313 1018 353 vindietae
1049 313 1185 366 magis,
1213 326 1330 364 quam
1351 314 1528 367 pecuniae
1557 315 1686 367 perse-

249 381 453 422 cutionem
480 378 612 425 habet,
642 384 677 419 ἃ
695 377 719 416 fi
739 391 817 430 qua
836 377 911 416 alia
929 375 1061 415 fimilis
1081 376 1322 417 inveniatur.
1379 377 1608 431 Aliquando
1629 388 1687 418 ta-

247 457 336 482 men
356 443 476 482 etiam
506 455 551 480 ex
572 441 751 480 contram
769 440 875 480 ad‘tio
894 449 1036 479 contra
1063 439 1262 479 haeredem
1282 453 1365 478 non
1386 442 1596 493 competit,
1619 455 1687 481 ve-

246 505 322 545 luti
341 520 431 546 cum
460 506 623 545 testator
643 504 783 544 dolose
802 503 976 544 versatus
995 504 1054 551 fit,
1082 509 1117 544 ὃ(
1136 503 1183 542 ad
1204 502 1401 543 haeredem
1420 505 1500 557 ejus
1519 504 1621 544 nihil
1639 519 1687 546 ex

246 582 298 608 eo
317 569 416 609 dolo
434 568 629 621 pervenit.
689 565 871 607 Poenales
890 577 1020 606 autem
1039 567 1228 614 aetiones,
1257 565 1282 606 fi
1301 566 1350 606 ab
1369 565 1456 619 ipsis
1485 567 1687 621 principa-

246 630 349 670 libus
372 631 549 684 personis
569 630 719 670 fuerint
739 630 983 679 contestatae‚
1011 636 1044 671 ὅ(
1063 628 1285 670 haeredibus
1304 627 1465 677 dantur,
1491 633 1527 669 ὅ(
1545 639 1688 670 contra

245 695 422 735 haeredes
442 695 661 734 transeunt.

307 775 343 808 3.
374 759 566 811 Superest,
596 768 640 796 ut
659 757 952 806 admoneamus,
980 758 1088 810 quod
1111 756 1137 797 fi
1167 766 1259 796 ante
1292 769 1377 795 rem
1405 755 1620 809 judicatam
1639 757 1686 810 is,

245 836 333 864 cum
361 836 442 875 qno
475 822 604 860 aecum
634 820 702 868 est,
730 818 944 860 satisfaciat
974 821 1118 868 actori,
1145 820 1280 860 officio
1317 819 1460 874 judicis
1496 820 1686 861 convenit

244 900 335 925 eum
350 885 568 934 absolvere,
588 884 683 924 licet
703 884 743 924 in
762 898 807 924 ea
821 885 931 925 causa
944 884 1077 926 fuiffet
1096 884 1236 939 judicii
1250 883 1473 938 accipiendi
1487 893 1688 939 ternpore,

246 960 291 989 ut
310 950 489 991 damnari
508 949 687 989 deberet.

359 1029 528 1127 J'US
562 1057 751 1109 ANG
768 1056 816 1106 L
833 1056 1216 1109 [CANUM.
1242 1059 1304 1109 ad
1324 1059 1426 1111 Tit.
1441 1059 1563 1109 XII.

294 1163 450 1196 Αέιῑοηεε
468 1160 592 1206 aliquae
611 1157 684 1192 funt
707 1167 886 1203 perpetuae,
913 1156 1032 1202 aliquae
1051 1167 1204 1205 tempore
1223 1156 1471 1205 prees-iniuntur.
1524 1158 1685 1202 Perpetuaes

244 1207 317 1242 illas
338 1208 430 1250 dico,
458 1219 530 1253 quse
550 1204 616 1239 sola
632 1205 792 1238 vetustate
808 1205 910 1237 tacite
925 1203 1106 1250 exspirant,
1133 1216 1276 1251 quaeque
1293 1213 1422 1239 certum
1437 1214 1569 1251 tempus
1584 1203 1687 1239 dura·

244 1257 331 1289 tioni
348 1254 410 1289 suae
428 1252 579 1300 expresse
592 1252 809 1299 praestitutum
826 1264 892 1285 non
908 1251 1044 1286 habent.
1096 1253 1222 1288 Secundi
1233 1255 1352 1296 generis
1369 1250 1446 1286 sunt
1485 1250 1585 1293 lares,
1637 1263 1685 1285 uae

243 1315 310 1338 tam
330 1315 347 1336 e
366 1304 440 1349 jure
468 1301 655 1342 communi,
683 1312 784 1346 quam
801 1311 842 1333 ex
868 1299 995 1333 statutis
1011 1301 1176 1334 oriuntur.
1229 1301 1289 1333 Hae
1308 1299 1399 1333 enim
1418 1264 1483 1333 nili)
1497 1299 1586 1332 intra
1611 1263 1684 1333 dies

243 1350 363 1384 fatales
381 1350 598 1384 instituantur
607 1348 646 1383 in
662 1359 768 1382 aevum
784 1345 920 1392 sepultae
933 1345 1311 1394 jacent.-—Exempli
1329 1345 1438 1389 causa,
1462 1355 1579 1381 contra
1595 1356 1686 1389 eum,

243 1399 300 1445 qui
325 1399 359 1431 in
387 1397 516 1432 vivario
541 1394 678 1430 alterius
705 1404 855 1435 venatur,
882 1393 1041 1429 dominus
1060 1395 1176 1431 vivarii
1203 1393 1306 1441 usque
1333 1393 1374 1428 ad
1392 1406 1516 1429 annum
1533 1396 1571 1428 δε
1591 1390 1686 1427 diem

242 1447 410 1480 minonem
431 1443 520 1478 suam
538 1441 651 1484 habet,
677 1441 734 1476 sed
754 1441 814 1476 illo
832 1451 985 1490 ternpore
1003 1440 1159 1487 decurso,
1184 1443 1263 1477 Rex
1280 1441 1368 1477 solus
1387 1441 1472 1477 hanc
1501 1438 1684 1486 transgres-

242 1492 367 1527 sionem
387 1490 610 1538 persequitur.

290 1541 375 1573 Sunt
400 1548 510 1572 autern
537 1536 660 1582 aliquae
678 1534 723 1569 fic
743 1546 912 1583 perpetuae
933 1546 971 1570 ut
989 1534 1078 1570 nulla
1095 1536 1324 1572 diuturnitate
1338 1537 1603 1581 extinguantur:
1627 1543 1683 1569 ut-

243 1597 323 1631 pote
343 1585 406 1620 illae
426 1597 500 1631 quae
517 1583 561 1618 de
575 1583 651 1629 jure
679 1584 834 1625 gentium
852 1584 1022 1630 pertinent
1047 1581 1090 1616 ad
1117 1583 1286 1618 Coronam
1307 1593 1445 1629 propter
1469 1581 1684 1628 privilegium

243 1635 348 1677 Regis
365 1645 372 1666 :
394 1633 426 1666 in
445 1630 558 1666 multis
573 1631 665 1664 enim
682 1628 806 1664 cafibus
821 1629 951 1664 nullutn
965 1638 1096 1674 tempus
1111 1630 1220 1664 currit
1234 1639 1352 1665 contra
1368 1632 1515 1673 Regem,
1540 1626 1564 1662 fi
1579 1637 1686 1676 petat,

242 1693 320 1716 cum
341 1678 482 1727 probare
499 1689 566 1713 non
585 1675 687 1710 habet
702 1675 841 1718 neceffe,
861 1680 899 1712 &
913 1675 980 1710 fine
995 1675 1197 1721 probatione
1209 1676 1394 1720 obtinebit,
1419 1675 1443 1711 fi
1455 1674 1686 1723 implacitatus

241 1738 429 1762 warantum
458 1738 523 1760 non
552 1723 724 1765 habuerit,
748 1722 786 1758 id
815 1723 861 1757 est
886 1721 1063 1770 specialem
1093 1723 1288 1760 libertatem
1315 1724 1449 1768 aRege
1477 1722 1678 1759 concessam.

242 1776 335 1821 Qia
354 1772 386 1809 se
401 1786 443 1809 ex
459 1772 562 1816 longo
579 1782 730 1817 tempore
748 1783 816 1805 non
830 1768 997 1806 defendit.

292 1822 423 1868 Aliquae
440 1831 575 1867 quoque
593 1816 667 1853 sunt
686 1819 734 1852 ita
761 1817 975 1866 temporales,
1002 1827 1038 1852 ut
1055 1830 1131 1853 cum
1150 1816 1287 1866 persona
1304 1819 1505 1861 moriantur,
1532 1828 1593 1852 nec
1616 1816 1685 1852 hae-

242 1868 379 1904 redibus
403 1868 456 1903 vel
476 1864 715 1902 executoribus
737 1877 794 1901 aut
820 1867 854 1901 in
885 1864 1068 1909 haeredem,
1092 1865 1144 1900 vel
1168 1877 1384 1902 executorem
1411 1873 1624 1912 competunt,
1646 1873 1685 1899 ut

243 1916 406 1964 poenales.
458 1918 548 1951 Poena
570 1914 660 1949 enim
681 1925 748 1948 non
767 1911 868 1948 debet
882 1912 924 1948 ad
950 1913 1033 1948 alios
1053 1914 1205 1958 extendi,
1232 1926 1334 1962 quarn
1354 1913 1396 1948 ad
1421 1912 1595 1956 authores,
1620 1922 1683 1947 nec

244 1965 384 1999 ulterius
403 1962 579 2011 progredi,
603 1972 703 2008 quam
721 1959 753 1995 se
767 1960 920 1996 extendit
935 1960 1118 1996 Delictum.

292 2014 367 2046 Imo
384 2023 464 2046 vero
492 2021 602 2057 neque
619 2019 660 2043 ex
677 2011 902 2044 conventione
919 2007 1051 2056 scriptis
1070 2009 1233 2057 concepta
1259 2007 1421 2051 haeredes,
1443 2004 1683 2042 executorefire

242 2058 294 2093 vel
318 2068 438 2104 agunt,
463 2057 515 2092 vel
539 2059 763 2104 impetuntur,
788 2055 848 2092 nisi
874 2065 1037 2104 quatenus
1061 2058 1297 2093 conventionis
1320 2057 1543 2093 instrumento
1560 2066 1681 2094 eorum

244 2109 374 2142 mentio
391 2105 478 2142 faeta
492 2104 606 2142 fuerit.

947 2290 1080 2334 le
1521 2288 1679 2328 TIT.
