<?xml version="1.0" encoding="UTF-8"?>
<!DOCTYPE html PUBLIC "-//W3C//DTD XHTML 1.0 Transitional//EN"
    "http://www.w3.org/TR/xhtml1/DTD/xhtml1-transitional.dtd">
<html xmlns="http://www.w3.org/1999/xhtml" xml:lang="en" lang="en">
 <head>
  <title>
</title>
<meta http-equiv="Content-Type" content="text/html;charset=utf-8" />
  <meta name='ocr-system' content='tesseract 3.04.00' />
  <meta name='ocr-capabilities' content='ocr_page ocr_carea ocr_par ocr_line ocrx_word'/>
</head>
<body>
  <div class='ocr_page' id='page_1' title='image "./jurisprudentiaph00eden_0310.png"; bbox 0 0 2059 2812; ppageno 0'>
   <div class='ocr_carea' id='block_1_1' title="bbox 351 148 1391 237">
    <p class='ocr_par' dir='ltr' id='par_1_1' title="bbox 351 148 1391 237">
     <span class='ocr_line' id='line_1_1' title="bbox 351 148 1391 237; baseline -0.013 -10"><span class='ocrx_word' id='word_1_1' title='bbox 351 177 459 237; x_wconf 84' lang='lat'>284</span> <span class='ocrx_word' id='word_1_2' title='bbox 750 148 1008 218; x_wconf 57' lang='lat' dir='ltr'>Elementa</span> <span class='ocrx_word' id='word_1_3' title='bbox 1043 160 1190 230; x_wconf 75' lang='lat' dir='ltr'>Juris</span> <span class='ocrx_word' id='word_1_4' title='bbox 1224 161 1391 214; x_wconf 72' lang='lat' dir='ltr'>Civilis</span> 
     </span>
    </p>
   </div>
   <div class='ocr_carea' id='block_1_2' title="bbox 356 260 1805 1330">
    <p class='ocr_par' dir='ltr' id='par_1_2' title="bbox 356 260 1794 435">
     <span class='ocr_line' id='line_1_2' title="bbox 356 260 1791 324; baseline -0.008 -14"><span class='ocrx_word' id='word_1_5' title='bbox 356 268 566 324; x_wconf 80' lang='lat' dir='ltr'>majestatis</span> <span class='ocrx_word' id='word_1_6' title='bbox 595 267 635 306; x_wconf 88' lang='lat' dir='ltr'>in</span> <span class='ocrx_word' id='word_1_7' title='bbox 654 264 782 318; x_wconf 91' lang='lat' dir='ltr'>specie</span> <span class='ocrx_word' id='word_1_8' title='bbox 800 277 888 303; x_wconf 81' lang='lat' dir='ltr'>reus</span> <span class='ocrx_word' id='word_1_9' title='bbox 915 263 974 310; x_wconf 86' lang='lat' dir='ltr'>fit,</span> <span class='ocrx_word' id='word_1_10' title='bbox 1004 262 1072 315; x_wconf 86' lang='lat' dir='ltr'>qui</span> <span class='ocrx_word' id='word_1_11' title='bbox 1095 262 1180 314; x_wconf 80' lang='lat' dir='ltr'>jura</span> <span class='ocrx_word' id='word_1_12' title='bbox 1210 260 1606 314; x_wconf 81' lang='lat' dir='ltr'>majestatis-invadit,</span> <span class='ocrx_word' id='word_1_13' title='bbox 1634 269 1702 299; x_wconf 89' lang='lat' dir='ltr'>aut</span> <span class='ocrx_word' id='word_1_14' title='bbox 1721 260 1791 301; x_wconf 83' lang='lat' dir='ltr'>ali-</span> 
     </span>
     <span class='ocr_line' id='line_1_3' title="bbox 356 320 1794 385; baseline -0.007 -15"><span class='ocrx_word' id='word_1_15' title='bbox 356 330 456 385; x_wconf 85' lang='lat' dir='ltr'>quid</span> <span class='ocrx_word' id='word_1_16' title='bbox 475 329 619 377; x_wconf 79' lang='lat' dir='ltr'>verbis,</span> <span class='ocrx_word' id='word_1_17' title='bbox 647 326 711 367; x_wconf 73' lang='lat' dir='ltr'>vel</span> <span class='ocrx_word' id='word_1_18' title='bbox 734 323 860 375; x_wconf 66' lang='lat' dir='ltr'>factis,</span> <span class='ocrx_word' id='word_1_19' title='bbox 878 323 953 376; x_wconf 82' lang='lat' dir='ltr'>fine</span> <span class='ocrx_word' id='word_1_20' title='bbox 972 324 1090 362; x_wconf 81' lang='lat' dir='ltr'>animo</span> <span class='ocrx_word' id='word_1_21' title='bbox 1109 320 1229 375; x_wconf 85' lang='lat' dir='ltr'>hostili</span> <span class='ocrx_word' id='word_1_22' title='bbox 1248 322 1289 361; x_wconf 89' lang='lat' dir='ltr'>in</span> <span class='ocrx_word' id='word_1_23' title='bbox 1304 321 1583 362; x_wconf 85' lang='lat' dir='ltr'>contumeliam</span> <span class='ocrx_word' id='word_1_24' title='bbox 1599 322 1794 375; x_wconf 83' lang='lat' dir='ltr'>principis</span> 
     </span>
     <span class='ocr_line' id='line_1_4' title="bbox 357 400 589 435; baseline -0.013 0"><span class='ocrx_word' id='word_1_25' title='bbox 357 400 589 435; x_wconf 83' lang='lat' dir='ltr'>committit.</span> 
     </span>
    </p>

    <p class='ocr_par' dir='ltr' id='par_1_3' title="bbox 359 446 1802 822">
     <span class='ocr_line' id='line_1_5' title="bbox 412 446 1673 502; baseline -0.008 -7"><span class='ocrx_word' id='word_1_26' title='bbox 412 471 448 502; x_wconf 91' lang='lat'>9.</span> <span class='ocrx_word' id='word_1_27' title='bbox 480 458 606 493; x_wconf 79' lang='lat' dir='ltr'>Poena</span> <span class='ocrx_word' id='word_1_28' title='bbox 622 451 799 492; x_wconf 84' lang='lat' dir='ltr'>criminis</span> <span class='ocrx_word' id='word_1_29' title='bbox 814 449 1072 491; x_wconf 81' lang='lat' dir='ltr'>Perduellionis</span> <span class='ocrx_word' id='word_1_30' title='bbox 1090 450 1145 489; x_wconf 88' lang='lat' dir='ltr'>est</span> <span class='ocrx_word' id='word_1_31' title='bbox 1163 447 1385 501; x_wconf 89' lang='lat' dir='ltr'>supremum</span> <span class='ocrx_word' id='word_1_32' title='bbox 1400 446 1646 500; x_wconf 83' lang='lat' dir='ltr'>Supplicium</span> <span class='ocrx_word' id='word_1_33' title='bbox 1662 467 1673 498; x_wconf 78' lang='lat'><em>3</em></span> 
     </span>
     <span class='ocr_line' id='line_1_6' title="bbox 359 509 1676 568; baseline -0.008 -10"><span class='ocrx_word' id='word_1_34' title='bbox 359 515 565 558; x_wconf 68' lang='lat' dir='ltr'>Memoriae</span> <span class='ocrx_word' id='word_1_35' title='bbox 579 515 666 568; x_wconf 88' lang='lat' dir='ltr'>post</span> <span class='ocrx_word' id='word_1_36' title='bbox 679 524 852 553; x_wconf 89' lang='lat' dir='ltr'>mortem</span> <span class='ocrx_word' id='word_1_37' title='bbox 866 511 1070 553; x_wconf 85' lang='lat' dir='ltr'>damnatio</span> <span class='ocrx_word' id='word_1_38' title='bbox 1086 532 1096 563; x_wconf 84' lang='lat'>3</span> <span class='ocrx_word' id='word_1_39' title='bbox 1219 510 1440 563; x_wconf 82' lang='lat' dir='ltr'>publicatio</span> <span class='ocrx_word' id='word_1_40' title='bbox 1458 509 1676 560; x_wconf 67' lang='lat' dir='ltr'>bonorumg</span> 
     </span>
     <span class='ocr_line' id='line_1_7' title="bbox 359 570 1798 627; baseline -0.008 -6"><span class='ocrx_word' id='word_1_41' title='bbox 359 580 558 621; x_wconf 76' lang='lat' dir='ltr'>Filiorum</span> <span class='ocrx_word' id='word_1_42' title='bbox 576 594 595 618; x_wconf 82' lang='lat' dir='ltr'><strong>a</strong></span> <span class='ocrx_word' id='word_1_43' title='bbox 612 578 788 617; x_wconf 66' lang='lat' dir='ltr'>materna</span> <span class='ocrx_word' id='word_1_44' title='bbox 805 576 926 624; x_wconf 85' lang='lat' dir='ltr'>avita,</span> <span class='ocrx_word' id='word_1_45' title='bbox 953 576 1208 626; x_wconf 88' lang='lat' dir='ltr'>omniumque</span> <span class='ocrx_word' id='word_1_46' title='bbox 1222 574 1538 627; x_wconf 86' lang='lat' dir='ltr'>propinquorum</span> <span class='ocrx_word' id='word_1_47' title='bbox 1552 570 1798 621; x_wconf 82' lang='lat' dir='ltr'>succeffione,</span> 
     </span>
     <span class='ocr_line' id='line_1_8' title="bbox 359 636 1802 685; baseline -0.004 -3"><span class='ocrx_word' id='word_1_48' title='bbox 359 644 484 684; x_wconf 84' lang='lat' dir='ltr'>immo</span> <span class='ocrx_word' id='word_1_49' title='bbox 506 650 540 685; x_wconf 64' lang='grc' dir='ltr'>ὃ(</span> <span class='ocrx_word' id='word_1_50' title='bbox 556 640 795 683; x_wconf 82' lang='lat' dir='ltr'>testamentis</span> <span class='ocrx_word' id='word_1_51' title='bbox 822 651 1100 680; x_wconf 86' lang='lat' dir='ltr'>extraneorum</span> <span class='ocrx_word' id='word_1_52' title='bbox 1123 638 1254 678; x_wconf 84' lang='lat' dir='ltr'>delata</span> <span class='ocrx_word' id='word_1_53' title='bbox 1273 636 1522 685; x_wconf 85' lang='lat' dir='ltr'>haereditate,</span> <span class='ocrx_word' id='word_1_54' title='bbox 1549 649 1622 675; x_wconf 89' lang='lat' dir='ltr'>nec</span> <span class='ocrx_word' id='word_1_55' title='bbox 1643 649 1725 676; x_wconf 90' lang='lat' dir='ltr'>non</span> <span class='ocrx_word' id='word_1_56' title='bbox 1749 638 1802 676; x_wconf 59' lang='lat' dir='ltr'>ab&gt;</span> 
     </span>
     <span class='ocr_line' id='line_1_9' title="bbox 360 697 1798 761; baseline -0.005 -15"><span class='ocrx_word' id='word_1_57' title='bbox 360 708 472 747; x_wconf 86' lang='lat' dir='ltr'>omni</span> <span class='ocrx_word' id='word_1_58' title='bbox 490 706 686 761; x_wconf 81' lang='lat' dir='ltr'>dignitate</span> <span class='ocrx_word' id='word_1_59' title='bbox 714 704 899 754; x_wconf 86' lang='lat' dir='ltr'>exclufio,</span> <span class='ocrx_word' id='word_1_60' title='bbox 925 703 1095 743; x_wconf 85' lang='lat' dir='ltr'>filiarum</span> <span class='ocrx_word' id='word_1_61' title='bbox 1123 700 1359 743; x_wconf 76' lang='lat' dir='ltr'>haereditate</span> <span class='ocrx_word' id='word_1_62' title='bbox 1387 710 1563 741; x_wconf 85' lang='lat' dir='ltr'>materna</span> <span class='ocrx_word' id='word_1_63' title='bbox 1589 697 1640 738; x_wconf 86' lang='lat' dir='ltr'>ad</span> <span class='ocrx_word' id='word_1_64' title='bbox 1664 698 1798 754; x_wconf 87' lang='lat' dir='ltr'>legiti-</span> 
     </span>
     <span class='ocr_line' id='line_1_10' title="bbox 360 766 1100 822; baseline -0.004 -13"><span class='ocrx_word' id='word_1_65' title='bbox 360 783 463 810; x_wconf 85' lang='lat' dir='ltr'>mam</span> <span class='ocrx_word' id='word_1_66' title='bbox 485 780 639 809; x_wconf 85' lang='lat' dir='ltr'>tantum</span> <span class='ocrx_word' id='word_1_67' title='bbox 657 768 891 822; x_wconf 87' lang='lat' dir='ltr'>portionem</span> <span class='ocrx_word' id='word_1_68' title='bbox 910 766 1100 806; x_wconf 61' lang='lat' dir='ltr'>restricta.</span> 
     </span>
    </p>

    <p class='ocr_par' dir='ltr' id='par_1_4' title="bbox 361 825 1804 1002">
     <span class='ocr_line' id='line_1_11' title="bbox 421 825 1804 885; baseline -0.005 -12"><span class='ocrx_word' id='word_1_69' title='bbox 421 850 482 876; x_wconf 91' lang='lat'>10.</span> <span class='ocrx_word' id='word_1_70' title='bbox 514 835 594 875; x_wconf 91' lang='lat' dir='ltr'>Rei</span> <span class='ocrx_word' id='word_1_71' title='bbox 617 833 793 874; x_wconf 84' lang='lat' dir='ltr'>criminis</span> <span class='ocrx_word' id='word_1_72' title='bbox 820 830 1032 885; x_wconf 74' lang='lat' dir='ltr'>Majestatc&#39;s</span> <span class='ocrx_word' id='word_1_73' title='bbox 1061 829 1265 882; x_wconf 81' lang='lat' dir='ltr'>speciatim</span> <span class='ocrx_word' id='word_1_74' title='bbox 1286 827 1387 868; x_wconf 66' lang='lat' dir='ltr'>dicti</span> <span class='ocrx_word' id='word_1_75' title='bbox 1407 839 1482 879; x_wconf 89' lang='lat' dir='ltr'>pro</span> <span class='ocrx_word' id='word_1_76' title='bbox 1505 825 1587 880; x_wconf 85' lang='lat' dir='ltr'>ejus</span> <span class='ocrx_word' id='word_1_77' title='bbox 1608 825 1804 878; x_wconf 76' lang='lat' dir='ltr'>qualitate</span> 
     </span>
     <span class='ocr_line' id='line_1_12' title="bbox 361 891 1802 952; baseline -0.008 -12"><span class='ocrx_word' id='word_1_78' title='bbox 361 899 501 952; x_wconf 83' lang='lat' dir='ltr'>capitis</span> <span class='ocrx_word' id='word_1_79' title='bbox 515 898 768 943; x_wconf 80' lang='lat' dir='ltr'>damnantur,</span> <span class='ocrx_word' id='word_1_80' title='bbox 797 895 860 935; x_wconf 90' lang='lat' dir='ltr'>vel</span> <span class='ocrx_word' id='word_1_81' title='bbox 873 894 1154 948; x_wconf 80' lang='lat' dir='ltr'>deportantur,</span> <span class='ocrx_word' id='word_1_82' title='bbox 1182 892 1246 934; x_wconf 90' lang='lat' dir='ltr'>vel</span> <span class='ocrx_word' id='word_1_83' title='bbox 1262 891 1506 944; x_wconf 77' lang='lat' dir='ltr'>relegantur,</span> <span class='ocrx_word' id='word_1_84' title='bbox 1533 902 1605 929; x_wconf 89' lang='lat' dir='ltr'>nec</span> <span class='ocrx_word' id='word_1_85' title='bbox 1619 903 1663 929; x_wconf 85' lang='lat' dir='ltr'>ea</span> <span class='ocrx_word' id='word_1_86' title='bbox 1677 903 1802 942; x_wconf 84' lang='lat' dir='ltr'>poena</span> 
     </span>
     <span class='ocr_line' id='line_1_13' title="bbox 362 958 864 1002; baseline -0.008 -1"><span class='ocrx_word' id='word_1_87' title='bbox 362 961 414 1002; x_wconf 81' lang='lat' dir='ltr'>ad</span> <span class='ocrx_word' id='word_1_88' title='bbox 443 961 593 1001; x_wconf 86' lang='lat' dir='ltr'>liberos</span> <span class='ocrx_word' id='word_1_89' title='bbox 621 958 864 999; x_wconf 84' lang='lat' dir='ltr'>extenditur.</span> 
     </span>
    </p>

    <p class='ocr_par' dir='ltr' id='par_1_5' title="bbox 362 1015 1805 1330">
     <span class='ocr_line' id='line_1_14' title="bbox 422 1015 1802 1072; baseline -0.004 -10"><span class='ocrx_word' id='word_1_90' title='bbox 422 1039 438 1062; x_wconf 91' lang='lat'>1</span> <span class='ocrx_word' id='word_1_91' title='bbox 451 1039 484 1064; x_wconf 84' lang='lat' dir='ltr'>x.</span> <span class='ocrx_word' id='word_1_92' title='bbox 516 1029 599 1066; x_wconf 87' lang='lat' dir='ltr'>Lex</span> <span class='ocrx_word' id='word_1_93' title='bbox 616 1023 721 1072; x_wconf 82' lang='lat' dir='ltr'>Julia</span> <span class='ocrx_word' id='word_1_94' title='bbox 740 1022 783 1061; x_wconf 84' lang='lat' dir='ltr'>de</span> <span class='ocrx_word' id='word_1_95' title='bbox 798 1022 1007 1063; x_wconf 76' lang='lat' dir='ltr'>Adulteriz&#39;s</span> <span class='ocrx_word' id='word_1_96' title='bbox 1030 1035 1111 1062; x_wconf 92' lang='lat' dir='ltr'>non</span> <span class='ocrx_word' id='word_1_97' title='bbox 1128 1019 1256 1060; x_wconf 87' lang='lat' dir='ltr'>solum</span> <span class='ocrx_word' id='word_1_98' title='bbox 1284 1016 1497 1064; x_wconf 83' lang='lat' dir='ltr'>adulteria,</span> <span class='ocrx_word' id='word_1_99' title='bbox 1522 1028 1663 1056; x_wconf 85' lang='lat' dir='ltr'>verum</span> <span class='ocrx_word' id='word_1_100' title='bbox 1681 1015 1802 1057; x_wconf 85' lang='lat' dir='ltr'>etiam</span> 
     </span>
     <span class='ocr_line' id='line_1_15' title="bbox 363 1081 1803 1130; baseline -0.009 -2"><span class='ocrx_word' id='word_1_101' title='bbox 363 1086 573 1128; x_wconf 86' lang='lat' dir='ltr'>nefandam</span> <span class='ocrx_word' id='word_1_102' title='bbox 594 1093 628 1128; x_wconf 68' lang='grc' dir='ltr'>ὅ(</span> <span class='ocrx_word' id='word_1_103' title='bbox 647 1083 905 1124; x_wconf 87' lang='lat' dir='ltr'>monstrosam</span> <span class='ocrx_word' id='word_1_104' title='bbox 919 1088 1130 1130; x_wconf 82' lang='lat' dir='ltr'>Venerem,</span> <span class='ocrx_word' id='word_1_105' title='bbox 1158 1081 1367 1128; x_wconf 86' lang='lat' dir='ltr'>Incestum,</span> <span class='ocrx_word' id='word_1_106' title='bbox 1397 1082 1596 1130; x_wconf 88' lang='lat' dir='ltr'>Stuprum,</span> <span class='ocrx_word' id='word_1_107' title='bbox 1622 1083 1657 1118; x_wconf 68' lang='grc' dir='ltr'>ὅ(</span> <span class='ocrx_word' id='word_1_108' title='bbox 1670 1082 1803 1119; x_wconf 90' lang='lat' dir='ltr'>Leno-</span> 
     </span>
     <span class='ocr_line' id='line_1_16' title="bbox 362 1143 1805 1199; baseline -0.008 -8"><span class='ocrx_word' id='word_1_109' title='bbox 362 1151 466 1191; x_wconf 87' lang='lat' dir='ltr'>cinia</span> <span class='ocrx_word' id='word_1_110' title='bbox 492 1159 666 1190; x_wconf 84' lang='lat' dir='ltr'>coercet.</span> <span class='ocrx_word' id='word_1_111' title='bbox 722 1150 982 1190; x_wconf 85' lang='lat' dir='ltr'>Meretricum</span> <span class='ocrx_word' id='word_1_112' title='bbox 1002 1150 1106 1188; x_wconf 88' lang='lat' dir='ltr'>enim</span> <span class='ocrx_word' id='word_1_113' title='bbox 1125 1146 1376 1199; x_wconf 83' lang='lat' dir='ltr'>improbitas,</span> <span class='ocrx_word' id='word_1_114' title='bbox 1402 1143 1506 1196; x_wconf 87' lang='lat' dir='ltr'>apud</span> <span class='ocrx_word' id='word_1_115' title='bbox 1525 1145 1729 1183; x_wconf 83' lang='lat' dir='ltr'>Romanos</span> <span class='ocrx_word' id='word_1_116' title='bbox 1747 1143 1805 1181; x_wconf 84' lang='lat' dir='ltr'>sa-</span> 
     </span>
     <span class='ocr_line' id='line_1_17' title="bbox 365 1206 1805 1266; baseline -0.004 -14"><span class='ocrx_word' id='word_1_117' title='bbox 365 1214 416 1252; x_wconf 82' lang='lat' dir='ltr'>tis</span> <span class='ocrx_word' id='word_1_118' title='bbox 443 1225 577 1266; x_wconf 79' lang='lat' dir='ltr'>poenae</span> <span class='ocrx_word' id='word_1_119' title='bbox 607 1220 726 1251; x_wconf 68' lang='lat' dir='ltr'>tantae</span> <span class='ocrx_word' id='word_1_120' title='bbox 747 1211 1011 1265; x_wconf 84' lang='lat' dir='ltr'>turpitudinis</span> <span class='ocrx_word' id='word_1_121' title='bbox 1034 1209 1264 1265; x_wconf 83' lang='lat' dir='ltr'>professioni</span> <span class='ocrx_word' id='word_1_122' title='bbox 1288 1208 1407 1249; x_wconf 83' lang='lat' dir='ltr'>ineffe</span> <span class='ocrx_word' id='word_1_123' title='bbox 1430 1206 1712 1255; x_wconf 71' lang='lat' dir='ltr'>existimantes,</span> <span class='ocrx_word' id='word_1_124' title='bbox 1739 1220 1805 1246; x_wconf 84' lang='lat' dir='ltr'>ex-</span> 
     </span>
     <span class='ocr_line' id='line_1_18' title="bbox 365 1272 918 1330; baseline 0 -14"><span class='ocrx_word' id='word_1_125' title='bbox 365 1285 429 1316; x_wconf 76' lang='lat' dir='ltr'>tra</span> <span class='ocrx_word' id='word_1_126' title='bbox 454 1289 615 1330; x_wconf 87' lang='lat' dir='ltr'>poenam</span> <span class='ocrx_word' id='word_1_127' title='bbox 639 1275 799 1316; x_wconf 88' lang='lat' dir='ltr'>civ-ilem</span> <span class='ocrx_word' id='word_1_128' title='bbox 824 1272 918 1316; x_wconf 82' lang='lat' dir='ltr'>fuit.</span> 
     </span>
    </p>
   </div>
   <div class='ocr_carea' id='block_1_3' title="bbox 1682 471 1794 480">
    <p class='ocr_par' dir='ltr' id='par_1_6' title="bbox 1682 471 1794 480">
     <span class='ocr_line' id='line_1_19' title="bbox 1682 471 1794 480; baseline 0 2332"><span class='ocrx_word' id='word_1_129' title='bbox 1682 471 1794 480; x_wconf 95' lang='lat' dir='ltr'> </span> 
     </span>
    </p>
   </div>
   <div class='ocr_carea' id='block_1_4' title="bbox 1102 531 1215 539">
    <p class='ocr_par' dir='ltr' id='par_1_7' title="bbox 1102 531 1215 539">
     <span class='ocr_line' id='line_1_20' title="bbox 1102 531 1215 539; baseline 0 2273"><span class='ocrx_word' id='word_1_130' title='bbox 1102 531 1215 539; x_wconf 95' lang='lat' dir='ltr'> </span> 
     </span>
    </p>
   </div>
   <div class='ocr_carea' id='block_1_5' title="bbox 1684 535 1796 542">
    <p class='ocr_par' dir='ltr' id='par_1_8' title="bbox 1684 535 1796 542">
     <span class='ocr_line' id='line_1_21' title="bbox 1684 535 1796 542; baseline 0 2270"><span class='ocrx_word' id='word_1_131' title='bbox 1684 535 1796 542; x_wconf 95' lang='lat' dir='ltr'> </span> 
     </span>
    </p>
   </div>
   <div class='ocr_carea' id='block_1_6' title="bbox 364 1376 1813 2039">
    <p class='ocr_par' dir='ltr' id='par_1_9' title="bbox 364 1376 1813 2039">
     <span class='ocr_line' id='line_1_22' title="bbox 364 1376 1812 1429; baseline -0.006 -8"><span class='ocrx_word' id='word_1_132' title='bbox 364 1385 489 1422; x_wconf 59' lang='lat' dir='ltr'>factare</span> <span class='ocrx_word' id='word_1_133' title='bbox 510 1387 625 1421; x_wconf 79' lang='lat' dir='ltr'>conati</span> <span class='ocrx_word' id='word_1_134' title='bbox 641 1385 933 1421; x_wconf 52' lang='lat' dir='ltr'>sunu—Altera</span> <span class='ocrx_word' id='word_1_135' title='bbox 948 1383 1144 1420; x_wconf 83' lang='lat' dir='ltr'>differentia</span> <span class='ocrx_word' id='word_1_136' title='bbox 1158 1383 1216 1425; x_wconf 91' lang='lat' dir='ltr'>est,</span> <span class='ocrx_word' id='word_1_137' title='bbox 1243 1381 1336 1429; x_wconf 90' lang='lat' dir='ltr'>quod</span> <span class='ocrx_word' id='word_1_138' title='bbox 1355 1381 1518 1426; x_wconf 74' lang='lat' dir='ltr'>majestatis</span> <span class='ocrx_word' id='word_1_139' title='bbox 1535 1380 1661 1413; x_wconf 84' lang='lat' dir='ltr'>crimen</span> <span class='ocrx_word' id='word_1_140' title='bbox 1677 1378 1710 1412; x_wconf 91' lang='lat' dir='ltr'>in</span> <span class='ocrx_word' id='word_1_141' title='bbox 1728 1376 1812 1413; x_wconf 84' lang='lat' dir='ltr'>foro·</span> 
     </span>
     <span class='ocr_line' id='line_1_23' title="bbox 366 1425 1806 1480; baseline -0.007 -12"><span class='ocrx_word' id='word_1_142' title='bbox 366 1433 456 1480; x_wconf 77' lang='lat' dir='ltr'>apud</span> <span class='ocrx_word' id='word_1_143' title='bbox 475 1433 567 1468; x_wconf 91' lang='lat' dir='ltr'>suum</span> <span class='ocrx_word' id='word_1_144' title='bbox 586 1435 768 1468; x_wconf 69' lang='lat' dir='ltr'>Praetorem</span> <span class='ocrx_word' id='word_1_145' title='bbox 787 1446 847 1479; x_wconf 89' lang='lat' dir='ltr'>pro</span> <span class='ocrx_word' id='word_1_146' title='bbox 875 1432 1056 1466; x_wconf 82' lang='lat' dir='ltr'>Tribuuali</span> <span class='ocrx_word' id='word_1_147' title='bbox 1074 1431 1206 1477; x_wconf 85' lang='lat' dir='ltr'>judicio</span> <span class='ocrx_word' id='word_1_148' title='bbox 1224 1441 1312 1464; x_wconf 82' lang='lat' dir='ltr'>certa</span> <span class='ocrx_word' id='word_1_149' title='bbox 1331 1430 1403 1471; x_wconf 84' lang='lat' dir='ltr'>lege</span> <span class='ocrx_word' id='word_1_150' title='bbox 1421 1429 1604 1462; x_wconf 81' lang='lat' dir='ltr'>constituto</span> <span class='ocrx_word' id='word_1_151' title='bbox 1621 1425 1780 1470; x_wconf 79' lang='lat' dir='ltr'>agebatur</span> <span class='ocrx_word' id='word_1_152' title='bbox 1793 1442 1806 1468; x_wconf 83' lang='lat'>3</span> 
     </span>
     <span class='ocr_line' id='line_1_24' title="bbox 367 1474 1806 1528; baseline -0.006 -12"><span class='ocrx_word' id='word_1_153' title='bbox 367 1483 537 1517; x_wconf 78' lang='lat' dir='ltr'>Perduellio</span> <span class='ocrx_word' id='word_1_154' title='bbox 554 1492 634 1515; x_wconf 86' lang='lat' dir='ltr'>vero</span> <span class='ocrx_word' id='word_1_155' title='bbox 659 1482 776 1527; x_wconf 87' lang='lat' dir='ltr'>primis</span> <span class='ocrx_word' id='word_1_156' title='bbox 795 1480 933 1528; x_wconf 87' lang='lat' dir='ltr'>quidem</span> <span class='ocrx_word' id='word_1_157' title='bbox 949 1477 1158 1525; x_wconf 81' lang='lat' dir='ltr'>temporibus</span> <span class='ocrx_word' id='word_1_158' title='bbox 1183 1489 1199 1510; x_wconf 86' lang='lat' dir='ltr'>a</span> <span class='ocrx_word' id='word_1_159' title='bbox 1217 1478 1399 1512; x_wconf 79' lang='lat' dir='ltr'>Duumviris</span> <span class='ocrx_word' id='word_1_160' title='bbox 1425 1474 1505 1509; x_wconf 61' lang='lat' dir='ltr'>data</span> <span class='ocrx_word' id='word_1_161' title='bbox 1534 1485 1637 1519; x_wconf 87' lang='lat' dir='ltr'>opera</span> <span class='ocrx_word' id='word_1_162' title='bbox 1663 1474 1806 1507; x_wconf 84' lang='lat' dir='ltr'>creatis:</span> 
     </span>
     <span class='ocr_line' id='line_1_25' title="bbox 369 1519 1808 1575; baseline -0.007 -13"><span class='ocrx_word' id='word_1_163' title='bbox 369 1529 441 1575; x_wconf 88' lang='lat' dir='ltr'>post</span> <span class='ocrx_word' id='word_1_164' title='bbox 459 1537 571 1562; x_wconf 85' lang='lat' dir='ltr'>autern</span> <span class='ocrx_word' id='word_1_165' title='bbox 588 1540 607 1561; x_wconf 93' lang='lat' dir='ltr'>a</span> <span class='ocrx_word' id='word_1_166' title='bbox 623 1527 751 1573; x_wconf 87' lang='lat' dir='ltr'>Populo</span> <span class='ocrx_word' id='word_1_167' title='bbox 766 1529 927 1562; x_wconf 76' lang='lat' dir='ltr'>Romano</span> <span class='ocrx_word' id='word_1_168' title='bbox 942 1526 1098 1560; x_wconf 87' lang='lat' dir='ltr'>Comitiis</span> <span class='ocrx_word' id='word_1_169' title='bbox 1117 1525 1314 1558; x_wconf 81' lang='lat' dir='ltr'>centuriatis</span> <span class='ocrx_word' id='word_1_170' title='bbox 1333 1525 1365 1556; x_wconf 90' lang='lat' dir='ltr'>in</span> <span class='ocrx_word' id='word_1_171' title='bbox 1381 1534 1500 1568; x_wconf 85' lang='lat' dir='ltr'>campo</span> <span class='ocrx_word' id='word_1_172' title='bbox 1518 1522 1647 1554; x_wconf 81' lang='lat' dir='ltr'>Martio</span> <span class='ocrx_word' id='word_1_173' title='bbox 1664 1519 1808 1563; x_wconf 86' lang='lat' dir='ltr'>cognos-</span> 
     </span>
     <span class='ocr_line' id='line_1_26' title="bbox 369 1567 1803 1618; baseline -0.006 -9"><span class='ocrx_word' id='word_1_174' title='bbox 369 1574 520 1616; x_wconf 83' lang='lat' dir='ltr'>cebatur,</span> <span class='ocrx_word' id='word_1_175' title='bbox 545 1583 584 1608; x_wconf 90' lang='lat' dir='ltr'>ut</span> <span class='ocrx_word' id='word_1_176' title='bbox 612 1585 654 1606; x_wconf 84' lang='lat' dir='ltr'>ex</span> <span class='ocrx_word' id='word_1_177' title='bbox 680 1575 834 1608; x_wconf 83' lang='lat' dir='ltr'>oratione</span> <span class='ocrx_word' id='word_1_178' title='bbox 859 1575 1009 1608; x_wconf 82' lang='lat' dir='ltr'>Ciceronis</span> <span class='ocrx_word' id='word_1_179' title='bbox 1033 1584 1095 1618; x_wconf 88' lang='lat' dir='ltr'>pro</span> <span class='ocrx_word' id='word_1_180' title='bbox 1118 1573 1152 1607; x_wconf 91' lang='lat' dir='ltr'>C.</span> <span class='ocrx_word' id='word_1_181' title='bbox 1171 1572 1291 1603; x_wconf 76' lang='lat' dir='ltr'>Rabirio</span> <span class='ocrx_word' id='word_1_182' title='bbox 1318 1568 1566 1603; x_wconf 81' lang='lat' dir='ltr'>Perduellionis</span> <span class='ocrx_word' id='word_1_183' title='bbox 1585 1578 1644 1599; x_wconf 84' lang='lat' dir='ltr'>reo</span> <span class='ocrx_word' id='word_1_184' title='bbox 1662 1567 1803 1600; x_wconf 67' lang='lat' dir='ltr'>constat,</span> 
     </span>
     <span class='ocr_line' id='line_1_27' title="bbox 371 1611 1807 1662; baseline -0.008 -7"><span class='ocrx_word' id='word_1_185' title='bbox 371 1623 415 1655; x_wconf 91' lang='lat' dir='ltr'>Et</span> <span class='ocrx_word' id='word_1_186' title='bbox 433 1622 553 1661; x_wconf 78' lang='lat' dir='ltr'>Livius,</span> <span class='ocrx_word' id='word_1_187' title='bbox 583 1619 659 1653; x_wconf 87' lang='lat' dir='ltr'>Lib.</span> <span class='ocrx_word' id='word_1_188' title='bbox 678 1624 710 1652; x_wconf 92' lang='lat'>6.</span> <span class='ocrx_word' id='word_1_189' title='bbox 730 1620 772 1653; x_wconf 91' lang='lat' dir='ltr'>de</span> <span class='ocrx_word' id='word_1_190' title='bbox 790 1621 913 1653; x_wconf 81' lang='lat' dir='ltr'>Manlio</span> <span class='ocrx_word' id='word_1_191' title='bbox 937 1621 1104 1662; x_wconf 71' lang='lat' dir='ltr'>Capitolino</span> <span class='ocrx_word' id='word_1_192' title='bbox 1119 1628 1258 1659; x_wconf 83' lang='lat' dir='ltr'>regnum</span> <span class='ocrx_word' id='word_1_193' title='bbox 1273 1614 1453 1649; x_wconf 65' lang='lat' dir='ltr'>affeetante</span> <span class='ocrx_word' id='word_1_194' title='bbox 1472 1611 1575 1646; x_wconf 82' lang='lat' dir='ltr'>refert</span> <span class='ocrx_word' id='word_1_195' title='bbox 1589 1613 1807 1656; x_wconf 81' lang='lat' dir='ltr'>Duumviros,</span> 
     </span>
     <span class='ocr_line' id='line_1_28' title="bbox 369 1658 1813 1714; baseline -0.006 -13"><span class='ocrx_word' id='word_1_196' title='bbox 369 1669 431 1714; x_wconf 89' lang='lat' dir='ltr'>qui</span> <span class='ocrx_word' id='word_1_197' title='bbox 447 1667 490 1701; x_wconf 88' lang='lat' dir='ltr'>de</span> <span class='ocrx_word' id='word_1_198' title='bbox 505 1665 740 1701; x_wconf 80' lang='lat' dir='ltr'>Perduellione</span> <span class='ocrx_word' id='word_1_199' title='bbox 756 1667 982 1712; x_wconf 81' lang='lat' dir='ltr'>inquirerent,</span> <span class='ocrx_word' id='word_1_200' title='bbox 1006 1661 1356 1704; x_wconf 80' lang='lat' dir='ltr'>creatos.-——-Tertia,</span> <span class='ocrx_word' id='word_1_201' title='bbox 1371 1659 1477 1706; x_wconf 85' lang='lat' dir='ltr'>-quod</span> <span class='ocrx_word' id='word_1_202' title='bbox 1491 1658 1667 1701; x_wconf 77' lang='lat' dir='ltr'>Majeslatis</span> <span class='ocrx_word' id='word_1_203' title='bbox 1678 1660 1813 1693; x_wconf 81' lang='lat' dir='ltr'>crimen</span> 
     </span>
     <span class='ocr_line' id='line_1_29' title="bbox 371 1707 1808 1754; baseline -0.006 -6"><span class='ocrx_word' id='word_1_204' title='bbox 371 1726 438 1749; x_wconf 91' lang='lat' dir='ltr'>non</span> <span class='ocrx_word' id='word_1_205' title='bbox 458 1722 583 1754; x_wconf 88' lang='lat' dir='ltr'>morte,</span> <span class='ocrx_word' id='word_1_206' title='bbox 604 1711 662 1746; x_wconf 86' lang='lat' dir='ltr'>sed</span> <span class='ocrx_word' id='word_1_207' title='bbox 679 1712 783 1745; x_wconf 84' lang='lat' dir='ltr'>exilio</span> <span class='ocrx_word' id='word_1_208' title='bbox 802 1711 962 1745; x_wconf 87' lang='lat' dir='ltr'>multatur</span> <span class='ocrx_word' id='word_1_209' title='bbox 977 1727 987 1751; x_wconf 88' lang='lat'>;</span> <span class='ocrx_word' id='word_1_210' title='bbox 1015 1709 1261 1744; x_wconf 71' lang='lat' dir='ltr'>perduellionis</span> <span class='ocrx_word' id='word_1_211' title='bbox 1282 1721 1361 1742; x_wconf 82' lang='lat' dir='ltr'>vero</span> <span class='ocrx_word' id='word_1_212' title='bbox 1377 1708 1550 1741; x_wconf 86' lang='lat' dir='ltr'>damnatus</span> <span class='ocrx_word' id='word_1_213' title='bbox 1567 1707 1603 1739; x_wconf 90' lang='lat' dir='ltr'>in</span> <span class='ocrx_word' id='word_1_214' title='bbox 1620 1717 1753 1740; x_wconf 87' lang='lat' dir='ltr'>crucem</span> <span class='ocrx_word' id='word_1_215' title='bbox 1771 1707 1808 1739; x_wconf 92' lang='lat' dir='ltr'>in</span> 
     </span>
     <span class='ocr_line' id='line_1_30' title="bbox 371 1753 1805 1808; baseline -0.006 -13"><span class='ocrx_word' id='word_1_216' title='bbox 371 1772 490 1808; x_wconf 86' lang='lat' dir='ltr'>campo</span> <span class='ocrx_word' id='word_1_217' title='bbox 507 1759 610 1793; x_wconf 84' lang='lat' dir='ltr'>fixam</span> <span class='ocrx_word' id='word_1_218' title='bbox 628 1757 824 1793; x_wconf 86' lang='lat' dir='ltr'>tollebatur.</span> <span class='ocrx_word' id='word_1_219' title='bbox 949 1758 1094 1804; x_wconf 76' lang='lat' dir='ltr'>Qarta‚</span> <span class='ocrx_word' id='word_1_220' title='bbox 1120 1754 1213 1802; x_wconf 85' lang='lat' dir='ltr'>quod</span> <span class='ocrx_word' id='word_1_221' title='bbox 1229 1755 1405 1801; x_wconf 61' lang='lat' dir='ltr'>Asajestatis</span> <span class='ocrx_word' id='word_1_222' title='bbox 1430 1755 1591 1788; x_wconf 68' lang='lat' dir='ltr'>imminuta.</span> <span class='ocrx_word' id='word_1_223' title='bbox 1611 1753 1735 1786; x_wconf 85' lang='lat' dir='ltr'>crimen</span> <span class='ocrx_word' id='word_1_224' title='bbox 1754 1753 1805 1787; x_wconf 86' lang='lat' dir='ltr'>rei</span> 
     </span>
     <span class='ocr_line' id='line_1_31' title="bbox 372 1798 1808 1847; baseline -0.006 -6"><span class='ocrx_word' id='word_1_225' title='bbox 372 1817 485 1843; x_wconf 87' lang='lat' dir='ltr'>morte</span> <span class='ocrx_word' id='word_1_226' title='bbox 502 1805 726 1846; x_wconf 58' lang='lat' dir='ltr'>obliteratum</span> <span class='ocrx_word' id='word_1_227' title='bbox 762 1804 1009 1839; x_wconf 81' lang='lat' dir='ltr'>Perduellionis</span> <span class='ocrx_word' id='word_1_228' title='bbox 1027 1813 1138 1837; x_wconf 84' lang='lat' dir='ltr'>autern</span> <span class='ocrx_word' id='word_1_229' title='bbox 1165 1804 1326 1837; x_wconf 88' lang='lat' dir='ltr'>memoria</span> <span class='ocrx_word' id='word_1_230' title='bbox 1344 1803 1448 1836; x_wconf 81' lang='lat' dir='ltr'>etiarn</span> <span class='ocrx_word' id='word_1_231' title='bbox 1467 1800 1536 1847; x_wconf 86' lang='lat' dir='ltr'>post</span> <span class='ocrx_word' id='word_1_232' title='bbox 1549 1808 1694 1833; x_wconf 83' lang='lat' dir='ltr'>mortem</span> <span class='ocrx_word' id='word_1_233' title='bbox 1709 1798 1808 1833; x_wconf 85' lang='lat' dir='ltr'>dam-</span> 
     </span>
     <span class='ocr_line' id='line_1_32' title="bbox 372 1845 1810 1897; baseline -0.006 -9"><span class='ocrx_word' id='word_1_234' title='bbox 372 1864 481 1888; x_wconf 85' lang='lat' dir='ltr'>natur.</span> <span class='ocrx_word' id='word_1_235' title='bbox 618 1851 732 1886; x_wconf 86' lang='lat' dir='ltr'>Hodie</span> <span class='ocrx_word' id='word_1_236' title='bbox 749 1864 827 1887; x_wconf 84' lang='lat' dir='ltr'>vero</span> <span class='ocrx_word' id='word_1_237' title='bbox 842 1852 907 1886; x_wconf 91' lang='lat' dir='ltr'>hoc</span> <span class='ocrx_word' id='word_1_238' title='bbox 924 1850 1107 1886; x_wconf 86' lang='lat' dir='ltr'>discrimen</span> <span class='ocrx_word' id='word_1_239' title='bbox 1124 1849 1358 1897; x_wconf 84' lang='lat' dir='ltr'>appellationis</span> <span class='ocrx_word' id='word_1_240' title='bbox 1376 1861 1442 1883; x_wconf 91' lang='lat' dir='ltr'>non</span> <span class='ocrx_word' id='word_1_241' title='bbox 1468 1850 1515 1881; x_wconf 86' lang='lat' dir='ltr'>ita</span> <span class='ocrx_word' id='word_1_242' title='bbox 1531 1845 1638 1880; x_wconf 56' lang='lat' dir='ltr'>stricke</span> <span class='ocrx_word' id='word_1_243' title='bbox 1656 1845 1810 1881; x_wconf 86' lang='lat' dir='ltr'>observa·</span> 
     </span>
     <span class='ocr_line' id='line_1_33' title="bbox 372 1891 1808 1945; baseline -0.005 -11"><span class='ocrx_word' id='word_1_244' title='bbox 372 1911 452 1941; x_wconf 87' lang='lat' dir='ltr'>tur;</span> <span class='ocrx_word' id='word_1_245' title='bbox 490 1899 545 1934; x_wconf 89' lang='lat' dir='ltr'>sed</span> <span class='ocrx_word' id='word_1_246' title='bbox 571 1911 700 1941; x_wconf 85' lang='lat' dir='ltr'>omnes,</span> <span class='ocrx_word' id='word_1_247' title='bbox 727 1901 784 1945; x_wconf 87' lang='lat' dir='ltr'>qui</span> <span class='ocrx_word' id='word_1_248' title='bbox 812 1898 962 1933; x_wconf 80' lang='lat' dir='ltr'>adversus</span> <span class='ocrx_word' id='word_1_249' title='bbox 984 1899 1185 1945; x_wconf 80' lang='lat' dir='ltr'>principem,</span> <span class='ocrx_word' id='word_1_250' title='bbox 1211 1907 1269 1930; x_wconf 88' lang='lat' dir='ltr'>aut</span> <span class='ocrx_word' id='word_1_251' title='bbox 1295 1896 1413 1930; x_wconf 74' lang='lat' dir='ltr'>statum</span> <span class='ocrx_word' id='word_1_252' title='bbox 1440 1891 1649 1939; x_wconf 80' lang='lat' dir='ltr'>Reipublicae</span> <span class='ocrx_word' id='word_1_253' title='bbox 1671 1892 1808 1939; x_wconf 89' lang='lat' dir='ltr'>quibus-</span> 
     </span>
     <span class='ocr_line' id='line_1_34' title="bbox 372 1940 1809 1993; baseline -0.005 -11"><span class='ocrx_word' id='word_1_254' title='bbox 372 1958 505 1993; x_wconf 90' lang='lat' dir='ltr'>cunque</span> <span class='ocrx_word' id='word_1_255' title='bbox 528 1945 638 1980; x_wconf 85' lang='lat' dir='ltr'>modis</span> <span class='ocrx_word' id='word_1_256' title='bbox 657 1945 785 1991; x_wconf 81' lang='lat' dir='ltr'>aliquid</span> <span class='ocrx_word' id='word_1_257' title='bbox 811 1946 997 1980; x_wconf 84' lang='lat' dir='ltr'>moliuntur</span> <span class='ocrx_word' id='word_1_258' title='bbox 1022 1942 1212 1991; x_wconf 70' lang='lat' dir='ltr'>promiscue</span> <span class='ocrx_word' id='word_1_259' title='bbox 1235 1946 1278 1978; x_wconf 75' lang='lat' dir='ltr'>rei</span> <span class='ocrx_word' id='word_1_260' title='bbox 1302 1942 1464 1989; x_wconf 79' lang='lat' dir='ltr'>majestatis</span> <span class='ocrx_word' id='word_1_261' title='bbox 1482 1940 1653 1984; x_wconf 80' lang='lat' dir='ltr'>dicuntur,</span> <span class='ocrx_word' id='word_1_262' title='bbox 1679 1944 1717 1975; x_wconf 64' lang='grc' dir='ltr'>ὃς</span> <span class='ocrx_word' id='word_1_263' title='bbox 1735 1951 1809 1975; x_wconf 86' lang='lat' dir='ltr'>orn-</span> 
     </span>
     <span class='ocr_line' id='line_1_35' title="bbox 375 1993 1134 2039; baseline -0.007 -10"><span class='ocrx_word' id='word_1_264' title='bbox 375 1996 471 2029; x_wconf 83' lang='lat' dir='ltr'>nium·</span> <span class='ocrx_word' id='word_1_265' title='bbox 485 1993 604 2028; x_wconf 79' lang='lat' dir='ltr'>eadem</span> <span class='ocrx_word' id='word_1_266' title='bbox 622 1993 665 2027; x_wconf 87' lang='lat' dir='ltr'>est</span> <span class='ocrx_word' id='word_1_267' title='bbox 682 2005 794 2039; x_wconf 81' lang='lat' dir='ltr'>poena,</span> <span class='ocrx_word' id='word_1_268' title='bbox 821 1994 982 2028; x_wconf 90' lang='lat' dir='ltr'>nimirum</span> <span class='ocrx_word' id='word_1_269' title='bbox 1004 1993 1134 2039; x_wconf 77' lang='lat' dir='ltr'>capitis.</span> 
     </span>
    </p>
   </div>
   <div class='ocr_carea' id='block_1_7' title="bbox 832 1777 943 1785">
    <p class='ocr_par' dir='ltr' id='par_1_10' title="bbox 832 1777 943 1785">
     <span class='ocr_line' id='line_1_36' title="bbox 832 1777 943 1785; baseline 0 1027"><span class='ocrx_word' id='word_1_270' title='bbox 832 1777 943 1785; x_wconf 95' lang='lat' dir='ltr'> </span> 
     </span>
    </p>
   </div>
   <div class='ocr_carea' id='block_1_8' title="bbox 489 1875 608 1880">
    <p class='ocr_par' dir='ltr' id='par_1_11' title="bbox 489 1875 608 1880">
     <span class='ocr_line' id='line_1_37' title="bbox 489 1875 608 1880; baseline 0 0"><span class='ocrx_word' id='word_1_271' title='bbox 489 1875 608 1880; x_wconf 95' lang='lat' dir='ltr'> </span> 
     </span>
    </p>
   </div>
   <div class='ocr_carea' id='block_1_9' title="bbox 373 2071 1815 2357">
    <p class='ocr_par' dir='ltr' id='par_1_12' title="bbox 373 2071 1815 2312">
     <span class='ocr_line' id='line_1_38' title="bbox 422 2071 1811 2125; baseline -0.005 -12"><span class='ocrx_word' id='word_1_272' title='bbox 422 2081 495 2113; x_wconf 86' lang='lat' dir='ltr'>Lex</span> <span class='ocrx_word' id='word_1_273' title='bbox 513 2078 602 2125; x_wconf 75' lang='lat' dir='ltr'>Julia</span> <span class='ocrx_word' id='word_1_274' title='bbox 619 2080 655 2113; x_wconf 86' lang='lat' dir='ltr'>de</span> <span class='ocrx_word' id='word_1_275' title='bbox 667 2080 863 2119; x_wconf 77' lang='lat' dir='ltr'>Adulteriis]</span> <span class='ocrx_word' id='word_1_276' title='bbox 905 2078 1046 2112; x_wconf 88' lang='lat' dir='ltr'>Crimen</span> <span class='ocrx_word' id='word_1_277' title='bbox 1065 2076 1234 2113; x_wconf 83' lang='lat' dir='ltr'>Adulterii</span> <span class='ocrx_word' id='word_1_278' title='bbox 1252 2076 1379 2125; x_wconf 76' lang='lat' dir='ltr'>primus</span> <span class='ocrx_word' id='word_1_279' title='bbox 1402 2074 1641 2110; x_wconf 87' lang='lat' dir='ltr'>vindicandum</span> <span class='ocrx_word' id='word_1_280' title='bbox 1664 2071 1811 2120; x_wconf 85' lang='lat' dir='ltr'>publicis</span> 
     </span>
     <span class='ocr_line' id='line_1_39' title="bbox 373 2121 1811 2174; baseline -0.005 -14"><span class='ocrx_word' id='word_1_281' title='bbox 373 2124 510 2174; x_wconf 81' lang='lat' dir='ltr'>judiciis</span> <span class='ocrx_word' id='word_1_282' title='bbox 540 2126 742 2160; x_wconf 83' lang='lat' dir='ltr'>existimavit</span> <span class='ocrx_word' id='word_1_283' title='bbox 769 2125 924 2171; x_wconf 80' lang='lat' dir='ltr'>Augustus,</span> <span class='ocrx_word' id='word_1_284' title='bbox 951 2126 1011 2172; x_wconf 87' lang='lat' dir='ltr'>qui</span> <span class='ocrx_word' id='word_1_285' title='bbox 1030 2136 1132 2170; x_wconf 87' lang='lat' dir='ltr'>quum</span> <span class='ocrx_word' id='word_1_286' title='bbox 1151 2124 1360 2159; x_wconf 85' lang='lat' dir='ltr'>diffluentem</span> <span class='ocrx_word' id='word_1_287' title='bbox 1378 2121 1460 2157; x_wconf 82' lang='lat' dir='ltr'>luxu</span> <span class='ocrx_word' id='word_1_288' title='bbox 1481 2124 1655 2157; x_wconf 85' lang='lat' dir='ltr'>civitatem</span> <span class='ocrx_word' id='word_1_289' title='bbox 1680 2122 1811 2154; x_wconf 82' lang='lat' dir='ltr'>Rorna-</span> 
     </span>
     <span class='ocr_line' id='line_1_40' title="bbox 374 2168 1814 2220; baseline -0.005 -13"><span class='ocrx_word' id='word_1_290' title='bbox 374 2185 466 2216; x_wconf 88' lang='lat' dir='ltr'>nam,</span> <span class='ocrx_word' id='word_1_291' title='bbox 490 2176 527 2207; x_wconf 90' lang='lat'>&amp;</span> <span class='ocrx_word' id='word_1_292' title='bbox 543 2172 584 2206; x_wconf 88' lang='lat' dir='ltr'>ad</span> <span class='ocrx_word' id='word_1_293' title='bbox 602 2185 739 2207; x_wconf 85' lang='lat' dir='ltr'>omnem</span> <span class='ocrx_word' id='word_1_294' title='bbox 755 2172 952 2220; x_wconf 86' lang='lat' dir='ltr'>stuprorum,</span> <span class='ocrx_word' id='word_1_295' title='bbox 979 2171 1290 2216; x_wconf 86' lang='lat' dir='ltr'>adulteriorumque</span> <span class='ocrx_word' id='word_1_296' title='bbox 1309 2170 1481 2204; x_wconf 88' lang='lat' dir='ltr'>licentiam</span> <span class='ocrx_word' id='word_1_297' title='bbox 1500 2168 1680 2215; x_wconf 68' lang='lat' dir='ltr'>projectam</span> <span class='ocrx_word' id='word_1_298' title='bbox 1693 2178 1814 2201; x_wconf 89' lang='lat' dir='ltr'>cerne-</span> 
     </span>
     <span class='ocr_line' id='line_1_41' title="bbox 377 2213 1815 2266; baseline -0.005 -12"><span class='ocrx_word' id='word_1_299' title='bbox 377 2230 442 2261; x_wconf 85' lang='lat' dir='ltr'>ret,</span> <span class='ocrx_word' id='word_1_300' title='bbox 466 2219 647 2253; x_wconf 80' lang='lat' dir='ltr'>coercendi</span> <span class='ocrx_word' id='word_1_301' title='bbox 663 2219 759 2266; x_wconf 87' lang='lat' dir='ltr'>hujus</span> <span class='ocrx_word' id='word_1_302' title='bbox 777 2218 853 2253; x_wconf 86' lang='lat' dir='ltr'>mali</span> <span class='ocrx_word' id='word_1_303' title='bbox 874 2218 970 2253; x_wconf 85' lang='lat' dir='ltr'>causa</span> <span class='ocrx_word' id='word_1_304' title='bbox 984 2217 1215 2253; x_wconf 84' lang='lat' dir='ltr'>severiffimam</span> <span class='ocrx_word' id='word_1_305' title='bbox 1233 2218 1275 2251; x_wconf 90' lang='lat' dir='ltr'>de</span> <span class='ocrx_word' id='word_1_306' title='bbox 1294 2215 1476 2251; x_wconf 83' lang='lat' dir='ltr'>Adulteriis</span> <span class='ocrx_word' id='word_1_307' title='bbox 1498 2216 1531 2250; x_wconf 69' lang='grc' dir='ltr'>ἃ.</span> <span class='ocrx_word' id='word_1_308' title='bbox 1548 2217 1679 2258; x_wconf 81' lang='lat' dir='ltr'>stupris</span> <span class='ocrx_word' id='word_1_309' title='bbox 1699 2213 1815 2258; x_wconf 81' lang='lat' dir='ltr'>legem</span> 
     </span>
     <span class='ocr_line' id='line_1_42' title="bbox 378 2261 1696 2312; baseline -0.005 -11"><span class='ocrx_word' id='word_1_310' title='bbox 378 2266 468 2302; x_wconf 81' lang='lat' dir='ltr'>tulit.</span> <span class='ocrx_word' id='word_1_311' title='bbox 518 2265 623 2303; x_wconf 86' lang='lat' dir='ltr'>Unde</span> <span class='ocrx_word' id='word_1_312' title='bbox 638 2268 723 2301; x_wconf 88' lang='lat' dir='ltr'>Hor.</span> <span class='ocrx_word' id='word_1_313' title='bbox 742 2267 820 2301; x_wconf 84' lang='lat' dir='ltr'>Car.</span> <span class='ocrx_word' id='word_1_314' title='bbox 838 2266 896 2300; x_wconf 84' lang='lat' dir='ltr'>IV.</span> <span class='ocrx_word' id='word_1_315' title='bbox 913 2278 941 2310; x_wconf 87' lang='lat'>5.</span> <span class='ocrx_word' id='word_1_316' title='bbox 963 2265 1046 2298; x_wconf 84' lang='lat' dir='ltr'>hanc</span> <span class='ocrx_word' id='word_1_317' title='bbox 1061 2265 1186 2310; x_wconf 76' lang='lat' dir='ltr'>Augusti</span> <span class='ocrx_word' id='word_1_318' title='bbox 1206 2263 1453 2312; x_wconf 87' lang='lat' dir='ltr'>providentiam</span> <span class='ocrx_word' id='word_1_319' title='bbox 1473 2264 1520 2298; x_wconf 82' lang='lat' dir='ltr'>ita</span> <span class='ocrx_word' id='word_1_320' title='bbox 1537 2261 1696 2298; x_wconf 77' lang='lat' dir='ltr'>celebrat.</span> 
     </span>
    </p>

    <p class='ocr_par' dir='ltr' id='par_1_13' title="bbox 709 2311 1347 2357">
     <span class='ocr_line' id='line_1_43' title="bbox 709 2311 1347 2357; baseline -0.006 -9"><span class='ocrx_word' id='word_1_321' title='bbox 709 2314 813 2348; x_wconf 82' lang='lat' dir='ltr'>Nullis</span> <span class='ocrx_word' id='word_1_322' title='bbox 833 2314 975 2357; x_wconf 84' lang='lat' dir='ltr'>polluitur</span> <span class='ocrx_word' id='word_1_323' title='bbox 1000 2314 1081 2346; x_wconf 70' lang='lat' dir='ltr'><em>cas‘la</em></span> <span class='ocrx_word' id='word_1_324' title='bbox 1104 2313 1202 2346; x_wconf 85' lang='lat' dir='ltr'>domus</span> <span class='ocrx_word' id='word_1_325' title='bbox 1216 2311 1347 2357; x_wconf 81' lang='lat' dir='ltr'>stupris:</span> 
     </span>
    </p>
   </div>
   <div class='ocr_carea' id='block_1_10' title="bbox 712 2357 1811 2442">
    <p class='ocr_par' dir='ltr' id='par_1_14' title="bbox 712 2357 1811 2442">
     <span class='ocr_line' id='line_1_44' title="bbox 712 2357 1423 2406; baseline -0.008 -8"><span class='ocrx_word' id='word_1_326' title='bbox 712 2360 786 2398; x_wconf 86' lang='lat' dir='ltr'>Mos</span> <span class='ocrx_word' id='word_1_327' title='bbox 805 2358 843 2397; x_wconf 51' lang='grc' dir='ltr'>(θ’</span> <span class='ocrx_word' id='word_1_328' title='bbox 865 2360 963 2398; x_wconf 88' lang='lat' dir='ltr'>LEX</span> <span class='ocrx_word' id='word_1_329' title='bbox 978 2359 1155 2406; x_wconf 80' lang='lat' dir='ltr'>maculosum</span> <span class='ocrx_word' id='word_1_330' title='bbox 1176 2359 1304 2395; x_wconf 80' lang='lat' dir='ltr'>edomuit</span> <span class='ocrx_word' id='word_1_331' title='bbox 1329 2357 1423 2403; x_wconf 79' lang='lat' dir='ltr'>nefas.</span> 
     </span>
     <span class='ocr_line' id='line_1_45' title="bbox 1623 2402 1811 2442; baseline -0.016 0"><span class='ocrx_word' id='word_1_332' title='bbox 1623 2402 1811 2442; x_wconf 76' lang='lat' dir='ltr'>Laudamur</span> 
     </span>
    </p>
   </div>
  </div>
 </body>
</html>
