2059 2812
648 142 761 195 Lib.
800 141 894 195 IV.
967 140 1064 196 Tit.
1103 140 1298 194 XVIII.
1593 144 1695 206 289

314 259 380 287 20.
413 241 626 294 Veneficinm
655 241 880 296 adpellatur
909 241 973 281 vel
1004 242 1171 291 crimen,
1199 254 1278 294 quo
1307 238 1393 291 quis
1417 250 1572 279 venena
1597 237 1699 278 mala

258 308 424 350 necandi
442 307 613 348 hominis
631 306 742 348 causa
762 306 873 355 fecit,
891 303 1091 353 vendidit,
1118 303 1257 356 dedit3
1288 302 1353 343 vel
1371 316 1451 356 quo
1470 300 1555 353 quis
1569 300 1695 343 susur-

258 372 314 411 ris
332 378 365 413 ὅ(
385 369 716 410 incantationibus
748 368 908 423 magicis
928 367 1107 407 homines
1140 365 1306 414 occidit,
1334 365 1399 406 vel
1423 362 1606 405 occidere
1630 377 1696 404 co-

257 442 372 473 natus
390 433 457 475 est.
514 435 675 483 Horum
694 443 852 484 quoque
872 443 994 484 poena
1012 429 1193 484 capitalis
1212 430 1281 471 est.

259 542 370 576 minem
384 542 492 583 occidi,
512 540 568 586 sed
585 538 637 584 effe
663 540 773 574 CVM
794 538 924 577 TELO
949 538 1200 574 HOMINIS
1223 538 1523 574 OCCIDENDI
1545 537 1696 572 CAVSA

258 598 355 623 vetat.
367 591 528 623 ——Huc
541 586 677 634 respicit
689 585 826 621 Plautus
838 584 946 621 Aulul.
956 587 1019 619 111.
1036 598 1069 620 2.
1088 598 1120 620 v.
1135 599 1168 620 2.

599 646 654 668 nv.
682 634 776 681 Qia
793 635 832 667 ad
855 632 891 668 T
887 631 1008 676 resviros
1026 634 1095 676 jam
1109 645 1161 679 ego
1176 632 1310 678 deferam
1328 641 1412 667 tuum
1439 643 1554 666 nomen.
1609 644 1695 666 coru.

732 681 897 714 uamobrem
909 683 922 713 ἒ

600 740 654 763 εγ.
681 728 773 774 Qa
797 728 862 762 CV
865 725 939 762 LT
941 726 1053 762 RVM
1078 728 1179 762 habes.
1233 739 1316 762 CON.
1342 729 1475 772 Coquum
1503 727 1601 761 decet.

310 792 505 842 Veneficium]
540 793 690 827 Romani
707 802 887 839 antequam
912 795 1102 839 primaevam
1122 793 1229 837 gentis
1247 792 1495 840 simplicitatem
1515 791 1697 839 peregrinis

263 843 367 884 vitiis,
393 847 429 877 &
457 841 597 874 aliarum
626 840 802 873 nationum
830 842 1038 874 commercio
1058 839 1258 887 polluissent,
1285 841 1392 884 ignari
1417 839 1477 873 diu
1503 852 1569 873 non
1595 837 1699 872 modo

263 901 451 935 poenarum,
479 886 534 921 sed
551 890 585 921 ὃς
604 887 784 921 criminum
808 889 911 921 etiam
930 887 1046 922 talium
1067 887 1171 922 fuere.
1222 887 1326 922 Unde
1348 899 1423 921 cum
1446 887 1590 920 crimine
1608 897 1700 919 care-

263 947 350 978 rent,
371 935 430 969 diu
457 936 558 968 ctiam
577 933 760 967 abstinuere
784 934 948 977 remedio,
974 947 1083 982 neque
1097 946 1299 969 venenorum
1318 933 1531 981 quaestionem
1551 932 1699 967 institue-

263 994 342 1016 runt
367 993 443 1016 ante
464 985 593 1015 Annum
615 980 656 1014 ab
681 981 722 1014 V.
740 981 778 1014 C.
807 993 957 1016 coxxu.
1011 985 1046 1016 C.
1062 984 1179 1018 Valerio
1193 984 1306 1022 Flacco,
1335 985 1371 1016 &
1390 981 1443 1015 M.
1462 980 1587 1014 Claudio
1603 980 1700 1013 Mar-

261 1031 335 1063 cello
360 1030 490 1064 Coss.
519 1039 587 1073 quo
617 1037 768 1073 ternpore
786 1029 894 1073 patuit
922 1027 1108 1073 perniciosa
1133 1027 1221 1062 fraus
1247 1027 1437 1069 mulierum,
1466 1039 1541 1073 quse
1565 1025 1700 1060 occulte

264 1088 323 1122 per
342 1085 444 1109 totam
464 1073 616 1121 serpebat
642 1073 768 1107 urbem.
824 1074 871 1108 Ad
891 1085 991 1120 quam
1016 1073 1273 1119 investigandam
1299 1073 1429 1109 ancillae
1445 1073 1574 1107 indicio
1598 1074 1701 1116 magi-

263 1123 377 1157 stratus
397 1123 550 1163 excitati,
577 1130 742 1154 matronas
763 1120 845 1167 ipsas
863 1122 1044 1168 participes
1059 1120 1179 1156 nefarii
1195 1120 1326 1156 sceleris
1344 1123 1551 1155 invenerunt.
1606 1119 1700 1163 Qa-

265 1182 339 1203 rum
357 1181 431 1203 cum
455 1168 588 1215 aliquot
612 1178 782 1211 negarent,
805 1179 912 1212 eaque
927 1181 1051 1202 venena
1066 1181 1133 1202 non
1150 1167 1191 1203 ad
1212 1170 1413 1215 perniciem,
1440 1166 1497 1202 sed
1511 1166 1553 1200 ad
1568 1166 1703 1200 morbo-

266 1228 339 1249 rum
355 1215 566 1262 quorundam
581 1217 793 1248 curationem
807 1225 917 1261 parata
936 1213 1187 1261 responderent,
1212 1214 1319 1261 idque
1334 1213 1565 1262 impudentius
1579 1211 1704 1247 affeve-

266 1274 390 1305 ratem,
416 1262 532 1296 bibere
551 1263 674 1296 coaecae
692 1259 845 1296 fraudem
872 1264 1005 1309 propria
1031 1272 1142 1298 morte
1163 1260 1401 1310 prodiderunt.
1455 1260 1558 1306 Cujus
1574 1258 1703 1294 sceleris

267 1320 402 1344 centum
418 1313 455 1344 &
472 1308 681 1356 septuaginta
692 1307 858 1345 damnatae
871 1307 1005 1345 fuerunt
1018 1309 1356 1347 muliereS.---Liv.
1371 1307 1539 1344 Lib.V111.
1561 1308 1703 1344 18.—--

266 1359 344 1404 Juv.
359 1357 426 1390 Sat.
441 1358 464 1390 1.
486 1369 513 1391 ν.
532 1362 587 1398 69.

600 1406 744 1440 Occurrit
760 1416 899 1441 matrona
913 1416 1029 1451 potens,
1054 1419 1114 1452 qua
1132 1409 1214 1443 molle
1230 1408 1379 1444 Calenum

602 1453 780 1489 Porrectura
796 1456 856 1488 viro
875 1454 975 1499 miscet
983 1454 1105 1499 sitiente
1121 1457 1271 1499 rubetam,

600 1498 788 1545 Instituitque
803 1501 889 1535 rudes
904 1502 1006 1535 melior
1018 1501 1144 1548 Locusta
1155 1505 1337 1548 propinquas

269 1592 294 1625 E
428 1590 445 1625 8
599 1547 659 1580 Per
667 1546 790 1590 famam
808 1547 845 1583 ά·
858 1550 996 1593 populum
1012 1550 1110 1595 nigros
1126 1548 1231 1593 efferre
1245 1550 1378 1584 maritos.

301 1600 313 1624 t
335 1603 364 1625 v.
383 1602 420 1636 ¹5
450 1617 458 1625 .

602 1637 676 1685 Qi
698 1640 780 1672 dedit
799 1651 866 1683 ergo
882 1640 972 1673 tribus
984 1642 1105 1684 patruis
1121 1644 1255 1684 aconita,
1280 1643 1402 1677 vehetur

600 1685 761 1731 Penfilibus
773 1687 896 1730 plumis,
922 1695 1011 1731 atque
1028 1687 1107 1721 illinc
1127 1686 1267 1732 despiciet
1283 1692 1361 1722 nos?

269 1729 367 1766 Idem
384 1731 450 1766 Sat.
466 1732 527 1768 VI.
544 1742 574 1765 v.
585 1736 665 1771 609.

602 1778 670 1814 Hic
688 1781 818 1825 magicos
835 1779 925 1824 affert
942 1789 1061 1823 cantus,
1088 1780 1156 1815 Hic
1172 1779 1310 1825 Thessala
1326 1782 1428 1816 vendit

603 1827 737 1869 Philtra,
763 1828 868 1871 quihus
895 1829 1018 1863 valeant
1037 1836 1165 1862 mentem
1183 1839 1294 1863 vexare
1312 1829 1430 1871 mariti,

603 1875 649 1909 Et
659 1873 739 1919 solea
753 1874 874 1919 pulsare
892 1884 990 1908 nates.
1043 1874 1142 1922 Qod
1158 1874 1265 1921 defipis,
1290 1876 1360 1910 inde
1376 1875 1414 1920 est
1430 1889 1442 1909 .·

602 1921 675 1956 Inde
692 1923 787 1955 animi
807 1923 913 1966 caligo,
941 1919 978 1956 (θ’
995 1933 1107 1966 magna
1124 1922 1228 1956 oblivio
1253 1934 1365 1965 rerum,

603 1967 698 2016 QM
717 1969 797 2002 modo
808 1968 924 2013 gessisti.
976 1969 1092 2003 Tamen
1110 1970 1161 2003 hec
1177 1970 1342 2011 tolerabile,
1359 1968 1385 2016 fi
1400 1979 1456 2003 non

604 2017 649 2049 Et
661 2014 765 2060 furere
782 2017 919 2060 incipias,
954 2025 988 2050 ut
1003 2018 1168 2050 avunculus
1185 2017 1232 2050 ille
1248 2017 1385 2058 Neronis,

603 2063 660 2099 Cui
677 2071 770 2097 totam
787 2064 908 2097 tremuli
915 2061 1053 2107 frontem
1061 2062 1190 2108 Caefimia
1203 2064 1276 2108 pulli

606 2108 733 2153 Infudit.
787 2109 870 2160 Qa
885 2122 940 2144 non
954 2108 1067 2154 faciet,
1093 2111 1170 2155 quod
1182 2111 1326 2155 Principis
1343 2120 1417 2146 uxor
1433 2113 1447 2143 ἓ

605 2157 765 2190 Ardebant
782 2160 886 2191 cuncta
903 2156 939 2191 ἔφ’
948 2156 1053 2202 frasta
1070 2167 1206 2202 compage
1229 2158 1369 2200 ruebant,

557 2203 559 2205 ’
602 2205 671 2238 Non
688 2205 793 2247 aliter,
818 2216 908 2249 quam
916 2204 944 2251 fi
952 2203 1069 2249 fecss‘et
1078 2203 1161 2250 Juno
1182 2205 1329 2238 maritum

604 2251 756 2296 Insanum.
806 2252 912 2286 Minus
929 2263 996 2297 ergo
1013 2263 1116 2285 nocens
1135 2253 1194 2286 erit
1209 2252 1379 2297 Agrippina

602 2300 725 2333 Baletus
738 2311 744 2332 :
758 2298 901 2344 siquidem
917 2302 1002 2333 unius
1013 2299 1173 2343 precordia
1187 2297 1288 2343 preffit

607 2347 663 2381 Ille
674 2345 770 2391 senis,
792 2347 1012 2392 tremulumque
1032 2354 1121 2390 caput
1141 2345 1315 2392 descendere
1330 2343 1413 2389 juffit

1041 2393 1122 2427 00
1672 2396 1708 2430 In
