2059 2812
604 147 714 199 Lib.
746 147 812 199 Il.
887 147 982 199 Tit.
1014 149 1077 198 V.
1496 169 1567 217 95

184 263 222 288 2.
255 248 384 289 Minus
409 255 539 285 autem
565 245 661 299 juris
693 246 734 285 in
762 247 851 299 Usu
880 247 947 295 est,
976 260 1092 299 quam
1117 247 1156 286 in
1184 246 1403 301 Usufrvft'u.
1460 251 1564 291 Nam

137 323 170 348 1.
188 309 274 362 Qi
294 307 402 346 usum
418 315 572 346 tantum
590 306 724 354 habet,
752 307 801 346 ad
821 307 1080 347 neceffitatem
1099 307 1225 346 solum
1241 309 1385 349 utitur.
1443 310 1565 350 Unde

131 370 200 423 qui
230 370 339 409 usum
362 369 478 409 fundi
507 370 648 417 habet,
689 384 736 410 ex
759 370 806 408 iis
832 382 915 421 quae
939 370 978 408 in
1008 369 1136 409 fundo
1159 370 1385 422 nascuntur,
1423 375 1567 431 pomis²

129 432 305 480 floribus,
336 433 570 481 stramentis,
598 431 729 479 foeno,
757 431 891 485 lignis,
920 431 1199 485 similibusque,
1223 435 1333 486 quod
1352 435 1401 474 ad
1419 436 1565 476 vid‘tum

128 495 197 534 fibi
223 495 376 548 suisque
405 496 582 545 sufficiat,
611 495 762 547 sumet3
805 495 874 547 qui
907 494 1194 535 usumfrudtum
1216 497 1336 537 habet
1367 501 1487 538 etiam
1516 501 1567 541 ad

129 559 407 611 compendium
427 561 570 609 utitur,
598 558 762 600 fruitur.
820 558 927 600 Hinc
947 557 1283 599 Usufi·u‹5tuarius
1309 560 1370 614 jus
1394 563 1567 615 percipi-

127 618 221 658 endi
248 618 396 660 fruitus
429 621 534 671 (non
559 620 680 674 ipsam
702 620 961 672 servitutem)
991 620 1108 660 alteri
1128 620 1299 661 vendere
1322 632 1387 661 aut
1415 622 1566 669 locare,

127 688 193 718 aut
210 681 332 732 gratis
346 679 565 721 concedere
581 681 721 733 potest.
781 679 976 720 Usuarius
991 694 1086 720 non.
1143 682 1253 721 Hinc
1266 687 1300 723 ὅ(
1314 680 1421 721 Usus
1437 684 1566 734 potest

126 740 203 779 esse
222 740 298 781 fine
312 742 460 790 fruetu,
478 742 545 781 sed
562 742 709 782 frucstus
724 741 799 781 fine
820 741 891 781 usu
905 741 982 781 effe
1001 755 1081 780 non
1095 743 1238 793 potest.
1294 745 1397 784 Nam
1412 740 1565 783 frmitui

126 800 211 840 usus
228 803 340 851 inest,
367 803 469 844 Usui
483 802 634 843 fructus
649 801 767 843 deest.

186 878 221 910 3.
253 863 452 903 Habitatio
472 863 526 902 est
551 864 611 917 jus
634 862 778 902 alienas
801 862 902 903 aedes
922 862 1174 903 inhabitandi
1190 862 1293 903 salva
1315 862 1453 902 earum
1475 863 1565 903 sub-

125 922 280 963 stantia.
324 924 437 964 Olim
455 937 591 978 parum
610 922 818 963 differebat
835 923 884 961 ab
905 923 973 962 usu
995 922 1153 964 aedium.
1196 926 1256 963 Ex
1275 924 1564 964 constitutione

127 983 328 1037 Justiniani
346 987 468 1039 magis
493 985 682 1026 convenit
710 999 800 1024 cum
820 984 1041 1033 usufructu,
1071 998 1160 1025 cum
1183 985 1253 1037 qui
1271 984 1568 1025 habitationem.

126 1044 245 1084 habet
259 1045 409 1095 domus,
428 1061 507 1087 non
524 1047 651 1087 solum
671 1045 754 1098 ipse
777 1045 816 1085 in
837 1060 882 1085 ea
903 1045 1064 1099 degere,
1082 1045 1150 1086 sed
1168 1051 1202 1087 ὃ(
1219 1044 1304 1084 aliis
1324 1044 1457 1085 locare
1479 1060 1564 1086 eam

125 1106 252 1156 poffit.
310 1111 355 1147 In
370 1122 419 1147 eo
435 1118 566 1149 autem
582 1108 717 1147 differt
735 1106 783 1146 ab
803 1107 1006 1147 ustifrud‘cu
1022 1106 1182 1157 aedium,
1211 1119 1293 1158 quo
1302 1104 1565 1146 Usufrutstua-

127 1167 208 1205 rius
238 1168 357 1206 etiam
377 1167 494 1205 aliter
522 1179 638 1219 quam
666 1166 885 1205 habitando
910 1167 1060 1205 aedibus
1087 1168 1147 1203 uti
1172 1166 1313 1217 poffit:
1345 1168 1562 1207 Habitatot

127 1240 222 1269 non.
282 1226 356 1266 Sed
373 1227 439 1266 has
454 1228 614 1279 quidem
631 1224 869 1266 subtilitates
889 1225 1011 1266 hodie
1027 1225 1110 1265 fere
1129 1225 1370 1278 ignoramus,

655 1337 697 1382 T
737 1351 757 1383 1
799 1351 849 1383 T.
920 1335 1011 1383 VI.

622 1431 702 1480 De
735 1431 1042 1500 Usucapione.

186 1547 220 1572 1.
251 1532 451 1574 Hacstenus
472 1531 521 1570 de
547 1529 677 1569 modis
695 1528 924 1581 acquirendi
953 1528 1138 1568 Dominii
1157 1541 1205 1567 ex
1232 1528 1319 1582 jure
1339 1530 1530 1572 Gentium
1550 1551 1560 1571 z

126 1593 347 1646 sequuntur
365 1591 476 1632 modi
495 1591 727 1644 acquirendi
746 1590 985 1631 Dominium
1002 1590 1101 1646 juris
1121 1588 1248 1629 civilis
1266 1588 1489 1642 fingulares2
1518 1603 1563 1632 ut

126 1655 324 1709 Ufitcapio.

181 1733 218 1757 2.
249 1717 437 1770 Usucapio
455 1716 509 1755 est
528 1713 700 1767 adjedtio
719 1712 890 1753 dominii
909 1725 980 1766 per
999 1711 1346 1753 continuationem
1365 1714 1568 1765 poss‘eflio-

125 1779 184 1819 nis
202 1779 393 1829 temporis
413 1779 499 1830 lege
518 1776 689 1823 definiti,
718 1773 792 1813 five
811 1787 883 1826 per
902 1787 1035 1826 quam,
1065 1773 1096 1811 is
1115 1772 1186 1825 qui
1212 1771 1319 1811 bona
1336 1771 1413 1811 fide
1439 1774 1561 1827 justo-

126 1853 204 1892 que
219 1840 342 1879 titulo
364 1839 420 1878 rei
440 1836 601 1889 alicujus
621 1834 890 1889 posseffionem
917 1834 1058 1874 nactus
1078 1834 1146 1881 est,
1173 1844 1339 1884 eamque
1359 1832 1429 1871 diu
1451 1834 1561 1886 quie-

127 1911 207 1940 tam
226 1908 259 1943 &
287 1914 367 1940 non
395 1900 660 1950 interruptam
688 1896 866 1936 obtinuit
892 1893 1052 1934 demum
1079 1905 1156 1946 pro
1182 1891 1365 1945 perfeeto
1395 1891 1560 1936 domino

127 1962 208 2015 ejus
234 1961 291 2001 rei
316 1960 500 2008 habetur,
530 1959 586 1998 ita
605 1969 651 1998 ut
677 1958 887 2010 antiquum
916 1955 1138 2003 dominnm,
1167 1952 1195 1993 fi
1213 1955 1348 2005 postea
1366 1967 1451 1993 eam
1476 1968 1560 1996 rem

176 2069 290 2102 Minus
307 2080 419 2103 autern
443 2068 528 2113 juris
546 2066 558 2112 ]
597 2066 720 2101 Seneca
739 2065 781 2101 de
797 2066 865 2100 vita
882 2066 994 2098 Beata.
1023 2075 1093 2110 cap.
1116 2074 1170 2096 10.
1220 2062 1266 2096 Tu
1285 2063 1463 2105 voluptatem
1481 2075 1559 2098 coms

125 2116 272 2159 plcsteris,
297 2128 347 2160 ego
365 2115 506 2159 compesco
521 2131 530 2155 ;
557 2115 603 2149 Tu
623 2114 775 2158 voluptate
794 2116 818 2148 F
823 2115 852 2148 R
861 2112 889 2147 V
892 2113 920 2146 E
932 2113 987 2146 RI
995 2112 1018 2144 S
1031 2125 1040 2143 .-
1068 2121 1119 2155 ego
1144 2109 1174 2145 V
1178 2108 1239 2143 To
1248 2110 1289 2143 R.

177 2176 346 2223 U'sucapio
363 2177 407 2211 est
426 2175 580 2221 Adjeetio
598 2176 754 2210 Dominii
771 2174 785 2221 ]

459 2229 644 2278 Qaedamfi
660 2230 756 2266 credis
781 2228 917 2276 consultis
937 2224 1014 2261 MA
1022 2223 1216 2262 NCIPAT
1235 2225 1371 2275 VSVS3

1103 2274 1186 2308 Hor.
1206 2271 1307 2317 Epist.
1332 2266 1408 2303 Lib,
1426 2278 1458 2300 2.

1344 2349 1556 2392 vendicare
