2059 2812
377 151 481 189 210
761 129 1031 181 Elementa
1067 118 1215 190 Juris
1250 121 1421 175 Civilis

882 229 926 277 T
965 242 987 277 1
1024 242 1070 275 T.
1140 225 1337 274 XXIX.

413 337 510 388 Per
546 332 688 400 Qas‘
719 327 959 398 Personas
996 325 1155 376 Nobis
1191 322 1433 388 Obligatio
1465 321 1783 391 Adquiritur.

438 450 471 476 1.
504 437 579 473 Per
611 430 767 472 easdem
799 427 998 482 personas,
1036 431 1071 466 ὅ(
1098 423 1236 464 eadem
1266 423 1439 472 ratione,
1475 436 1553 475 qua
1583 423 1823 463 Dominium

378 498 495 537 nobis
522 496 674 550 acquiri
706 493 894 540 diffluum,
922 490 1188 542 adquiruntur
1208 486 1505 541 obligatione53
1537 486 1725 526 nimirum
1754 498 1824 538 per

379 562 511 604 servos
543 568 578 604 ἃ
614 562 713 600 alios
733 556 921 612 potestati
954 555 1097 594 nostrae
1125 552 1348 604 subjedloQ
1381 562 1425 590 ut
1453 561 1600 601 tamen,
1628 551 1735 605 quod
1754 563 1826 604 per

378 627 512 667 servos
546 625 663 665 nobis
695 621 939 675 adquiritur,
968 628 1099 658 totum
1130 618 1306 656 nostrum
1338 616 1432 667 fiat3
1463 616 1574 669 quod
1599 627 1731 656 autem
1753 628 1826 669 per

379 689 542 737 liberm,
571 700 670 739 quos
691 686 729 725 in
751 684 946 737 potestate
967 680 1169 727 habemus,
1198 693 1245 718 ex
1265 678 1518 733 obligatione
1545 676 1669 718 fuerit
1687 676 1826 730 adqui-

379 752 505 804 fitum,
534 751 612 791 hoc
634 751 688 790 ita
708 747 929 796 dividatur,
957 757 1002 786 ut
1020 742 1307 785 usmnfruttum
1334 743 1496 798 quidem
1527 742 1671 783 habeat
1699 752 1826 795 pater,

380 816 607 872 proprietas
628 830 723 857 vero
743 812 829 853 filio
850 812 1041 852 servetur.

886 896 989 973 T'1
1030 937 1080 970 T.
1152 921 1321 970 xxx.

630 1022 821 1093 Qibus
857 1020 1027 1074 Modis
1064 1019 1276 1073 Tollitur
1312 1017 1570 1083 obligatio,

441 1140 476 1166 1.
505 1126 610 1166 Cum
633 1124 821 1165 haetenus
840 1121 891 1162 de
914 1119 1044 1160 modis
1071 1117 1359 1159 constituendae
1386 1116 1646 1169 obligationis
1672 1126 1753 1156 tam
1780 1129 1830 1156 ex

380 1191 604 1239 contradiu,
631 1202 748 1241 quam
780 1185 885 1240 quafi
911 1199 958 1225 ex
987 1183 1199 1223 commotu
1225 1181 1381 1223 dietum
1413 1180 1474 1230 fit,
1502 1179 1608 1220 ordo
1641 1179 1831 1233 postulat,

381 1264 427 1294 ut
445 1251 599 1306 aliquid
616 1252 791 1293 dicamus
811 1249 860 1290 de
880 1246 1011 1289 modis
1036 1245 1309 1296 diffolvendae‚
1336 1261 1381 1287 ac
1400 1244 1592 1286 tollendae
1610 1243 1830 1300 obligatio-

451 1362 504 1430 J
517 1363 618 1414 σε
648 1360 843 1412 ANG
861 1359 910 1410 L
928 1354 1294 1410 [CANUM.
1318 1357 1381 1408 ad
1394 1356 1757 1407 Titxxvm.

428 1462 667 1508 Obligationes
689 1475 730 1497 ex
748 1459 838 1509 quasi
856 1460 1035 1494 contraditi
1057 1459 1147 1494 varie
1172 1457 1248 1505 jure
1267 1456 1376 1491 nostro
1393 1455 1570 1490 nascuntur
1585 1471 1595 1497 ς
1633 1464 1751 1500 utpote
1768 1466 1829 1489 ne-

382 1514 556 1556 gotiorum
588 1511 755 1555 gestione,
797 1509 944 1550 Tutela,
986 1507 1167 1540 Communi
1195 1503 1404 1545 dividundo,
1442 1503 1581 1537 familiae
1614 1499 1829 1544 erciscundae,

383 1561 515 1594 afflone
545 1571 586 1592 ex
615 1558 844 1598 TestamentO,
870 1552 1088 1588 condictione
1108 1551 1257 1586 Indebiti
1289 1555 1325 1586 &
1354 1548 1534 1597 ejusmodi.
1587 1548 1694 1596 Qod
1716 1559 1829 1583 tamen

383 1606 425 1641 ad
445 1606 658 1650 negotiorum
676 1604 858 1648 gestionem
878 1603 1015 1643 attinet,
1039 1611 1149 1646 operae
1166 1597 1353 1633 absentium
1375 1597 1471 1631 causa
1490 1595 1554 1631 fine
1572 1596 1732 1630 mandato
1747 1608 1829 1643 prae-

383 1655 476 1696 stim,
498 1652 711 1687 conscientiae
733 1652 804 1697 ejus
821 1650 916 1696 cujus
932 1649 1109 1692 negotium
1128 1647 1269 1690 geritur,
1296 1648 1332 1680 &
1360 1645 1551 1688 integritati
1581 1645 1692 1691 potius
1721 1643 1827 1678 relin-

385 1711 550 1749 quuntur,
573 1712 676 1746 quam
693 1700 824 1733 athone
843 1697 957 1744 aliqu&
976 1695 1188 1730 sustinentur.

433 1751 582 1782 Tutores
610 1759 726 1781 contra
755 1744 929 1780 debitores
959 1742 1167 1790 pupillorum
1197 1739 1331 1775 suorum
1350 1739 1440 1773 redte
1458 1749 1588 1783 agunt;
1628 1738 1709 1773 item
1728 1736 1827 1772 finita

384 1796 503 1838 tutela,
531 1806 567 1829 ut
588 1792 776 1828 rationibus
794 1791 974 1826 reddendis
991 1790 1130 1824 obnoxii
1152 1786 1238 1830 sunt,
1260 1786 1303 1822 fic
1320 1785 1478 1834 expensas
1494 1788 1641 1821 muneris
1659 1785 1708 1820 sui
1727 1797 1828 1819 occa-

383 1843 477 1879 fione
498 1841 601 1877 saetas
619 1851 734 1876 contra
755 1840 922 1888 pupillum
945 1838 1137 1872 vendicant.

434 1892 643 1925 Executores
670 1891 832 1936 proetereh
853 1887 1050 1921 testatorum
1072 1883 1243 1918 debitores
1264 1882 1444 1917 convenire
1474 1879 1619 1927 possunt,
1647 1883 1684 1915 &
1702 1889 1768 1914 tarn
1785 1879 1827 1914 ab

384 1950 503 1973 eorum
523 1935 747 1972 creditoribus
763 1947 864 1982 quarn
887 1934 1060 1977 legatariis
1077 1931 1262 1966 conveniri.
1315 1929 1419 1979 Qod
1448 1930 1552 1964 etiam
1574 1940 1687 1963 verum
1719 1927 1766 1962 est
1790 1929 1827 1961 in

383 1983 710 2020 administratoribus
727 1994 855 2024 eorum,
882 1983 941 2028 qui
961 1980 1003 2015 ab
1028 1980 1186 2014 intestato
1203 1977 1431 2020 decesserunt,
1459 1981 1494 2012 ὃ(
1515 1978 1550 2010 in
1570 1976 1703 2016 marito,
1730 1975 1827 2020 cujus

384 2044 470 2068 uxor
491 2042 568 2067 ante
587 2032 720 2079 nuptias
740 2042 781 2065 aes
805 2029 954 2064 alienum
979 2036 1208 2070 contraxerat,
1235 2029 1272 2060 &
1295 2026 1313 2059 ὲ
1331 2034 1448 2060 contra
1475 2023 1561 2059 alios
1577 2022 1636 2057 fibi
1654 2021 1827 2067 obligatos

384 2079 516 2116 habuit.

431 2127 550 2162 Custos
566 2126 733 2169 Carceris,
759 2126 818 2172 qui
837 2123 1027 2158 debitorem
1046 2122 1190 2157 liberum
1203 2119 1343 2163 dimisit,
1360 2132 1421 2167 pro
1437 2118 1588 2166 pecuniis
1607 2115 1734 2152 debitis
1751 2128 1826 2152 cte-

385 2176 492 2210 ditori
511 2173 543 2209 se
562 2173 677 2208 reddit
693 2172 890 2216 obligatum.

433 2222 591 2268 Denique
619 2233 661 2255 ex
690 2220 864 2255 commotu
892 2230 1047 2260 uxorum,
1080 2215 1278 2257 liberorum,
1311 2213 1595 2260 servientiumque
1625 2211 1827 2254 nostrorum,

387 2272 456 2352 quii}
466 2281 592 2304 merces
608 2268 717 2303 nostro
736 2269 874 2304 nomine
889 2267 1027 2314 capiunt
1043 2266 1077 2300 in
1095 2265 1222 2299 nostros
1239 2262 1314 2299 usus
1329 2262 1438 2310 postea
1459 2260 1643 2303 conversaS,
1671 2258 1763 2307 quali
1781 2270 1823 2292 ex

385 2331 430 2354 no
459 2330 496 2353 ro
511 2327 676 2352 tenemur.
1017 2328 1021 2336 ·

1743 2365 1815 2406 m'S.
