2059 2812
424 174 500 237 64
820 168 1083 218 Elementa
1118 168 1266 234 Juris
1303 167 1475 221 Civilis

912 269 961 318 T
998 284 1020 318 1
1058 284 1110 318 T.
1182 268 1378 318 XXIV.

560 350 642 402 De
670 348 1000 421 Satisdatione
1038 348 1276 402 Tutorum
1314 347 1387 410 &
1426 348 1736 403 Curatorum.

483 468 517 493 1.
547 451 718 491 Di&um
735 449 785 490 de
803 449 949 490 Tutela
967 454 1001 490 ἃ
1015 450 1123 488 Cura
1148 448 1360 502 separatim
1380 469 1391 499 ;
1422 447 1640 500 sequuntur
1659 452 1738 490 tria
1765 450 1867 490 utri-

422 527 502 567 que
521 512 666 567 speciei
687 525 924 552 communla.
973 527 1008 551 1.
1030 510 1254 550 Satisdatio.
1303 525 1340 551 2.
1361 510 1586 553 Excusatio.
1637 527 1669 561 3.
1692 513 1867 567 Suspedli

422 575 659 618 Postulatio.

475 654 513 678 2.
544 640 624 678 Uti
658 636 882 677 inconsulta
914 635 1183 689 impuberum,
1211 634 1585 689 adolescentumque
1613 647 1707 678 aetas
1732 637 1867 679 multis

421 699 596 753 exposita
618 701 674 739 est
704 698 866 746 infidiis,
895 698 951 738 ita
981 697 1130 746 multae,
1161 707 1206 738 ut
1226 695 1406 737 fortunas
1426 697 1508 738 suas
1529 698 1651 738 salvas
1679 699 1866 749 habeant,

419 761 509 815 jure
529 762 770 803 introdudtae
799 761 891 802 sunt
916 762 1134 810 cautiones,
1163 767 1198 802 ὅ(
1227 760 1427 802 remedia:
1469 777 1555 815 quae
1586 762 1868 816 intelliguntur

420 834 509 867 tum
541 842 588 868 ex
616 827 710 876 illis,
746 841 834 880 quae
863 827 992 867 tutori
1016 826 1144 866 statim
1167 826 1215 866 ab
1243 826 1364 866 initio
1396 825 1577 867 facienda
1600 827 1866 880 incumbunt3

420 901 507 932 tum
539 906 587 931 ex
617 891 857 939 actionibus,
885 896 921 931 ὅ(
949 890 1152 939 remediis,
1181 890 1320 943 quibus
1337 890 1570 943 plerumque
1592 891 1708 930 finito
1726 905 1866 931 eorum

420 967 586 995 munere
604 955 800 1009 pupilli&
819 953 1087 995 adolescentes
1105 954 1286 994 damnum
1309 946 1400 1007 p'affi
1416 955 1617 1008 juvantur.

481 1034 515 1068 3.
547 1020 645 1059 Tria
664 1030 795 1059 autem
808 1018 1051 1072 potiffimum
1070 1018 1119 1057 ab
1134 1017 1258 1058 initio
1277 1015 1472 1058 facienda.
1520 1033 1554 1056 1.
1571 1018 1866 1074 Jusjurandum,

420 1096 458 1122 2.
490 1082 779 1122 Inventarium.
843 1099 874 1131 3.
907 1080 1133 1129 SatisdatiO,
1160 1079 1236 1120 five
1264 1080 1429 1129 Cautio,
1458 1093 1547 1132 quae
1566 1082 1612 1122 fit
1643 1081 1746 1121 datis
1771 1081 1868 1122 fide-

416 1143 632 1196 jufforibus
656 1156 739 1182 rem
759 1143 904 1195 pupilli
923 1142 987 1181 vel
1009 1141 1270 1182 adolescentis
1291 1142 1435 1191 salvam
1454 1141 1559 1181 fore.

473 1220 513 1254 4.
546 1211 660 1247 Hanc
685 1206 912 1244 cautionem
928 1204 1105 1258 Legitimz'
1125 1202 1288 1255 quidem
1308 1205 1484 1243 Tutores
1501 1203 1654 1256 semper
1667 1206 1867 1257 praestant,

418 1270 513 1307 raro
547 1267 853 1320 Testamentarz'z’,
893 1267 987 1318 quia
1024 1269 1142 1306 Pater
1178 1266 1431 1318 praesumitur
1464 1265 1556 1306 satis
1592 1267 1692 1308 bene
1728 1267 1865 1311 liberis

417 1330 674 1384 prospexisse.
732 1330 873 1368 Dativi
901 1328 1021 1368 etiam
1044 1330 1231 1378 Tutores,
1259 1334 1293 1369 ἃ
1316 1330 1535 1369 Curatores
1562 1329 1639 1379 illi,
1668 1345 1767 1384 quos
1785 1334 1865 1373 Mi-

418 1405 538 1431 nores
553 1391 822 1445 Magistratus,
852 1400 897 1428 ut
919 1389 1055 1430 Scriba
1079 1391 1121 1430 in
1144 1390 1274 1439 Urbe,
1305 1401 1373 1430 aut
1389 1391 1606 1431 Duumviri
1634 1393 1675 1432 in
1697 1394 1864 1435 Provin-

416 1454 488 1493 ciis
504 1453 666 1501 dedere,
680 1453 869 1492 satisdant
885 1474 894 1504 3
926 1467 1007 1492 non
1028 1464 1157 1493 autem
1175 1454 1244 1505 qui
1259 1453 1587 1507 aMagistratibus
1606 1470 1693 1495 cum
1710 1457 1866 1510 inquili-

422 1517 549 1566 tione,
576 1531 662 1569 quae
681 1518 735 1557 est
757 1531 832 1570 pro
852 1516 1051 1565 cautione,
1079 1516 1238 1556 dantur.

479 1594 517 1626 5.
550 1579 782 1632 Aliquando
816 1589 948 1619 tamen
980 1585 1014 1620 ἃ
1043 1580 1326 1619 testamentarii
1355 1586 1389 1622 ὅ(
1418 1594 1466 1619 ex
1502 1579 1752 1633 inquisitione
1780 1583 1864 1624 dati

419 1641 622 1690 satisdant‚
650 1642 799 1683 scilicet
824 1657 914 1683 cum
943 1656 989 1681 ex
1012 1642 1192 1696 pluribus
1215 1644 1419 1684 tutoribus
1444 1643 1548 1684 datis
1573 1659 1670 1685 unus
1699 1657 1864 1688 caeteros

419 1716 630 1759 provocat,
661 1716 707 1745 ut
724 1706 787 1745 vel
804 1706 874 1759 ipsi
888 1704 1093 1755 satisdent,
1120 1706 1185 1746 vel
1198 1705 1267 1746 fibi
1283 1707 1470 1748 satisdare
1487 1718 1628 1761 parato
1644 1708 1720 1748 soli
1739 1709 1864 1751 admi-

417 1769 692 1811 nistrationem
707 1768 861 1811 cedant.
918 1772 1087 1810 Interest
1103 1771 1207 1811 enim
1223 1772 1368 1827 pupilli
1387 1772 1550 1826 negotia
1564 1772 1629 1812 sua
1647 1787 1718 1826 per
1742 1788 1861 1816 unum

417 1833 554 1885 potius
569 1846 685 1885 quam
703 1846 775 1885 per
789 1833 922 1886 plures
938 1834 1135 1886 expediri.

474 1903 511 1935 6.
544 1895 666 1935 Unde
686 1895 786 1949 saepe
800 1897 998 1945 Testatos,
1029 1908 1095 1936 aut
1112 1897 1134 1937 fi
1151 1898 1183 1936 is
1196 1898 1433 1951 neglexerit,
1462 1897 1714 1951 Magistratus
1729 1900 1865 1940 statuit

417 1957 508 2010 quis
531 1972 579 1997 ex
605 1957 785 2010 pluribus
811 1958 1084 1999 administrare
1111 1959 1279 1999 debeat:
1319 1970 1385 2000 aut
1415 1960 1586 2013 denique
1614 1971 1769 2000 tutores
1792 1962 1861 2015 ipfi

418 2020 605 2068 statuunt,
632 2029 698 2059 aut
713 2019 946 2060 divifionem
961 2022 1096 2060 tutelae
1112 2021 1277 2070 faciunt,
1307 2030 1352 2061 ut
1372 2021 1494 2074 aliqui
1514 2021 1578 2061 vel
1600 2031 1754 2074 partem
1774 2032 1862 2063 tan-

417 2092 505 2121 tum
523 2093 673 2122 certam
694 2083 984 2132 administrent,
1013 2085 1076 2124 vel
1099 2084 1216 2130 nihil,
1245 2085 1311 2137 qui
1332 2084 1541 2125 honorarii
1561 2083 1761 2134 dicuntur,
1791 2089 1861 2140 qui

419 2154 547 2185 tamen
564 2158 607 2184 re
631 2145 732 2185 male
757 2145 863 2198 gesta
886 2147 1007 2186 etiam
1023 2147 1330 2196 conveniuntur,
1358 2147 1424 2187 sed
1447 2148 1600 2189 excuffis
1614 2149 1724 2200 prius
1736 2148 1863 2190 facul-

419 2208 569 2248 tatibus
595 2209 676 2263 ejus
705 2210 771 2262 qui
796 2210 970 2263 gesserit.

477 2287 513 2316 7.
544 2270 735 2311 Actiones
758 2282 889 2312 autem
909 2277 944 2313 ὅ(
959 2271 1146 2320 remedia,
1174 2270 1313 2324 quibus
1333 2273 1478 2327 pupilli
1505 2273 1569 2314 vel
1594 2273 1860 2315 adolescentes

418 2333 606 2386 juvantur
626 2334 712 2374 sunt
728 2335 793 2375 vel
814 2334 1032 2384 ordinaria,
1061 2335 1124 2375 vel
1144 2336 1473 2378 extraordinaria.
1531 2338 1751 2378 Ordinaria
1770 2338 1860 2377 sunt

1668 2411 1856 2454 quatuor.
