2059 2812
442 178 539 229 116
852 165 1111 221 Elementa
1147 166 1292 233 Juris
1327 163 1494 223 Civilis

497 288 533 322 3.
565 270 704 313 Liberi
732 276 862 308 autem
889 282 1040 317 omnes,
1068 267 1144 310 five
1175 281 1300 308 mares
1317 263 1414 319 'fint,
1441 270 1517 311 five
1547 271 1753 324 foeminae}
1797 272 1873 316 five

439 335 526 383 filii,
554 334 628 373 five
649 342 827 385 nepote8‚
854 331 929 371 five
949 331 1047 379 nati,
1074 330 1150 371 five
1173 331 1375 380 nascituri,
1411 332 1485 372 five
1504 333 1577 383 sui,
1610 334 1687 375 five
1707 338 1873 377 emanci-

439 398 535 449 pati,
553 396 627 436 five
646 395 861 449 posthumi,
880 395 954 435 five
970 395 1183 442 naturales,
1201 394 1275 433 sive
1291 394 1475 448 adoptivi
1494 411 1541 434 ex
1559 397 1644 449 jure
1663 400 1871 439 noviffimo

438 457 665 497 instituendi
685 456 771 496 siint
788 456 978 506 haei·e'deS‚
1007 457 1070 496 vel
1088 456 1339 504 nominatim,
1370 458 1527 508 riteque
1551 459 1842 501 exhaeredandi.

491 536 530 569 4.
562 521 632 560 Sui
649 520 754 560 enim
783 533 803 557 a
832 531 944 572 patre
963 520 1161 571 praeteriti
1181 521 1454 560 testamentum
1474 520 1557 572 ejus
1575 521 1661 574 ipso
1679 524 1764 576 jure
1784 523 1874 562 nul-

435 585 516 624 lum
537 585 675 626 dicunt
693 603 700 624 ;
733 584 999 635 Emancipatis
1014 597 1111 623 vero
1130 585 1345 637 praeteritis
1369 585 1566 624 succurrit
1585 589 1754 635 Praetor,
1782 588 1873 628 data

435 649 482 688 iis
501 649 698 687 bonorum
720 647 949 699 poffeffione
970 658 1092 686 contra
1115 647 1272 696 tabulae,
1300 648 1378 688 hoc
1404 649 1556 699 colore,
1584 649 1685 701 quafi
1714 652 1872 693 rescissa

434 711 747 764 emancipatione
777 710 928 765 semper
957 711 999 750 in
1022 711 1173 750 familia
1206 711 1502 764 remanfiffent3
1544 714 1637 765 quia
1665 714 1706 753 in
1734 716 1781 755 iis
1807 731 1872 757 ex-

433 776 557 817 tind‘ca
577 791 658 816 non
679 786 791 815 erant
811 775 1009 830 sanguinis
1026 782 1060 817 ἃ
1077 787 1227 816 naturae
1246 777 1344 830 jura.

488 853 526 885 5.
557 837 687 878 Efficit
717 847 850 876 autem
881 837 1148 877 exhaeredatio
1177 839 1250 877 rite
1281 843 1314 879 &
1343 853 1387 877 ex
1414 838 1515 893 justti
1538 840 1648 878 causei
1680 838 1801 887 faeta,
1829 850 1874 879 ut

432 901 703 941 exhaeredatus
720 901 809 940 totfi
829 901 1066 941 haereditate
1091 902 1326 943 excludatur
1345 922 1352 942 :
1387 905 1476 955 Rite}
1505 915 1635 943 autem
1656 903 1720 943 sed
1740 913 1872 944 tamen

431 963 554 1017 inique>
568 965 672 1005 faeta
687 975 894 1018 operatur,
913 975 957 1004 ut
972 966 1040 1018 qui
1059 964 1098 1003 sc
1114 965 1249 1017 inique
1264 965 1536 1006 exhaeredatos
1551 976 1873 1018 conqueruntur,

429 1041 511 1067 non
538 1028 673 1068 dicant
693 1030 966 1068 testamentum
994 1028 1162 1078 nullum,
1191 1029 1256 1069 sed
1277 1040 1415 1083 petant
1437 1030 1607 1070 rescindi
1632 1040 1677 1069 ut
1703 1028 1872 1079 inofficio-

421 1091 520 1141 sum,
558 1090 668 1143 quod
693 1092 748 1130 est
775 1092 1066 1130 Testamentum
1097 1092 1206 1133 recte
1237 1091 1410 1145 quidem,
1454 1092 1521 1132 sed
1550 1106 1630 1132 non
1664 1106 1711 1132 ex
1736 1091 1871 1132 officio

428 1154 589 1204 pletatis
615 1153 781 1192 faustum.

484 1223 520 1255 6.
550 1215 758 1268 Excipitur
778 1214 1053 1252 testamentum
1071 1212 1239 1251 militari
1258 1212 1345 1266 jure
1369 1212 1533 1263 feretum,
1562 1214 1674 1267 quod
1698 1218 1871 1269 querelae

426 1276 634 1317 inofficiofi
657 1291 736 1316 non
759 1276 947 1330 subjacet.
1007 1275 1297 1327 Silentiumque
1317 1277 1457 1314 militis
1483 1290 1565 1314 non
1590 1279 1813 1328 ignorantis
1831 1281 1870 1320 se

426 1339 576 1380 liberos
596 1341 742 1380 habere
759 1341 814 1378 est
833 1353 910 1392 pro
936 1337 1255 1378 exhaeredatione
1274 1338 1511 1378 nominatim
1532 1337 1649 1380 faeta.

482 1418 517 1447 7.
550 1404 670 1458 Justae
690 1402 827 1450 causae,
857 1403 910 1441 ob
929 1414 1022 1453 quas
1044 1400 1147 1441 liberi
1178 1401 1402 1441 exhaeredes
1421 1399 1542 1440 scribi
1571 1402 1747 1454 possunt,
1775 1405 1868 1446 sunt

424 1465 741 1519 quatuordecim,
782 1475 878 1516 puta
907 1479 941 1502 1.
964 1464 1001 1502 Si
1029 1473 1144 1516 pater
1174 1464 1287 1516 gravi
1319 1462 1464 1517 injurii}
1495 1463 1697 1505 laceffitus.
1756 1483 1794 1507 2.
1827 1471 1869 1509 Si

424 1540 560 1566 manus
579 1527 616 1565 ei
635 1527 768 1565 illatae.
832 1540 865 1572 3.
896 1527 934 1563 Si
955 1523 1101 1564 insidiae
1122 1526 1213 1564 vitae
1233 1527 1398 1566 striid’cae.
1457 1538 1496 1573 4.
1527 1527 1568 1565 Si
1586 1540 1634 1565 ex
1658 1527 1863 1571 delatione

424 1590 499 1629 filii
531 1589 717 1630 damnum
744 1589 906 1628 illatum.
966 1603 1003 1635 5.
1034 1589 1073 1627 Si
1100 1588 1204 1628 filius
1229 1603 1319 1628 cum
1347 1589 1548 1640 maleficis,
1576 1590 1764 1640 versatus,
1794 1609 1865 1635 ceu

425 1654 636 1694 maleficus.
699 1662 734 1694 6.
766 1654 804 1692 Si
828 1662 983 1706 patrem
1007 1653 1141 1692 testari
1167 1653 1434 1706 prohibuerit.
1495 1670 1530 1699 7.
1562 1655 1599 1693 Si
1628 1666 1781 1707 patrem
1801 1658 1865 1697 fu-

425 1717 574 1756 riosum
592 1714 827 1767 neglexerit.
889 1720 923 1754 8.
946 1715 983 1754 Si
1002 1725 1159 1768 captum
1179 1715 1227 1754 ab
1247 1715 1356 1756 hoste
1376 1730 1456 1755 non
1478 1716 1707 1758 redemerit.
1767 1735 1802 1766 9.
1824 1722 1863 1760 Si

423 1781 527 1820 filius
545 1780 588 1820 sit
608 1780 827 1819 haereticus.
891 1793 952 1819 10.
984 1779 1023 1819 Si
1043 1789 1196 1831 patrem
1215 1780 1371 1820 accuset
1397 1779 1576 1832 capitalis
1596 1781 1772 1822 criminis
1799 1798 1863 1823 ex-

425 1853 543 1896 cepto
566 1843 731 1884 crimine
755 1842 976 1895 majestatis.
1039 1857 1100 1882 11.
1132 1842 1172 1881 Si
1201 1857 1289 1882 cum
1315 1856 1502 1890 noverca,
1531 1842 1595 1882 vel
1614 1846 1741 1884 Patris
1769 1861 1863 1886 con-

425 1907 569 1946 cubina
585 1920 666 1947 rem
682 1905 881 1946 habuerit.
925 1921 985 1946 12.
1003 1906 1042 1945 Si
1061 1906 1201 1946 mimos
1218 1907 1350 1947 invito
1366 1917 1479 1960 patre
1496 1906 1696 1957 sequatur.
1740 1924 1757 1947 1
1768 1925 1800 1958 3.
1819 1911 1861 1949 Si

471 2014 535 2049 Vel
554 2015 766 2058 nominatim,
786 2015 917 2060 riteque
935 2014 1195 2062 exheredandi.]
1221 2017 1294 2050 Cic.
1310 2015 1351 2050 de
1364 2017 1461 2050 Orat.
1477 2015 1585 2049 Lib.1.
1607 2016 1858 2064 175.-—-Qae

420 2065 521 2106 potuit
545 2064 638 2110 igitur
667 2061 756 2106 causa
785 2061 837 2105 effe
857 2064 962 2104 major,
988 2074 1077 2107 quam
1104 2065 1180 2096 illius
1209 2065 1325 2105 nzilitis,
1351 2064 1386 2096 de
1404 2066 1488 2105 cujus
1512 2072 1616 2104 morte,
1650 2074 1716 2096 cum
1739 2064 1857 2097 domum

417 2109 516 2154 falsus
534 2111 570 2143 ab
590 2111 722 2143 exercitu
749 2110 871 2142 nuntius
898 2108 1028 2152 venisset,
1054 2109 1091 2144 ἀ
1104 2120 1193 2154 pater
1210 2113 1287 2152 ejus,
1313 2123 1344 2144 re
1362 2107 1491 2151 crediti,
1515 2109 1721 2155 testamentum
1739 2110 1858 2154 mutas-

417 2155 477 2199 ser,
503 2155 540 2190 &⁴
557 2168 644 2201 quem
660 2158 686 2189 ei
701 2154 795 2198 visum
812 2155 890 2199 effer,
909 2155 1023 2198 fecisset
1040 2157 1194 2198 lmredem,
1220 2156 1343 2200 essetque
1364 2156 1421 2200 ipse
1438 2160 1591 2191 mortuus?
1619 2158 1678 2190 Res
1696 2157 1798 2190 delata
1818 2157 1856 2201 est

425 2205 464 2236 ad
480 2205 697 2244 Centumviros‚
723 2214 787 2235 cum
805 2204 891 2235 miles
908 2204 1025 2235 domum
1050 2202 1213 2245 revenisset,
1240 2202 1395 2247 egissetque
1418 2205 1484 2247 lege
1513 2204 1543 2235 in
1567 2204 1771 2237 hereditatem
1790 2203 1856 2236 Pa-

424 2259 541 2283 ternam
562 2249 733 2293 testamento
749 2249 1015 2283 EXHAERES
1039 2249 1218 2283 FILIVS.
1273 2250 1387 2293 Nempe
1413 2251 1443 2283 in
1468 2247 1504 2282 ελ
1535 2250 1623 2295 causa
1650 2249 1793 2295 quaefitum
1815 2249 1854 2292 est

425 2298 460 2330 de
473 2299 542 2337 jure
558 2297 649 2337 civili,
676 2295 803 2338 Possetne
815 2305 1006 2340 paternorum
1034 2297 1168 2330 bonorum
1193 2297 1318 2329 exhaeres
1345 2295 1398 2340 effe
1416 2297 1512 2341 filius,
1538 2308 1626 2340 quem
1648 2299 1742 2331 Pater
1763 2295 1854 2341 testa·

424 2352 523 2379 mento
539 2354 631 2388 neque
647 2343 799 2386 heredem,
823 2355 917 2389 neque
933 2343 1110 2378 exheredem
1121 2341 1272 2389 scripfiffet
1288 2344 1325 2378 N
1327 2346 1356 2377 O
1367 2343 1412 2377 M
1419 2345 1439 2377 I
1443 2343 1506 2378 NA
1517 2343 1568 2378 TI
1577 2344 1629 2378 M.
1748 2395 1764 2424 t

1697 2399 1746 2440 pa
1768 2399 1848 2427 rem
