<?xml version="1.0" encoding="UTF-8"?>
<!DOCTYPE html PUBLIC "-//W3C//DTD XHTML 1.0 Transitional//EN"
    "http://www.w3.org/TR/xhtml1/DTD/xhtml1-transitional.dtd">
<html xmlns="http://www.w3.org/1999/xhtml" xml:lang="en" lang="en">
 <head>
  <title>
</title>
<meta http-equiv="Content-Type" content="text/html;charset=utf-8" />
  <meta name='ocr-system' content='tesseract 3.04.00' />
  <meta name='ocr-capabilities' content='ocr_page ocr_carea ocr_par ocr_line ocrx_word'/>
</head>
<body>
  <div class='ocr_page' id='page_1' title='image "./jurisprudentiaph00eden_0258.png"; bbox 0 0 2059 2812; ppageno 0'>
   <div class='ocr_carea' id='block_1_1' title="bbox 416 146 1448 215">
    <p class='ocr_par' dir='ltr' id='par_1_1' title="bbox 416 146 1448 215">
     <span class='ocr_line' id='line_1_1' title="bbox 416 146 1448 215; baseline -0.001 -12"><span class='ocrx_word' id='word_1_1' title='bbox 416 168 516 215; x_wconf 82' lang='lat'>232</span> <span class='ocrx_word' id='word_1_2' title='bbox 816 147 1076 199; x_wconf 80' lang='lat' dir='ltr'><em>Elementa</em></span> <span class='ocrx_word' id='word_1_3' title='bbox 1106 146 1252 213; x_wconf 79' lang='lat' dir='ltr'>Juris</span> <span class='ocrx_word' id='word_1_4' title='bbox 1279 148 1448 202; x_wconf 84' lang='lat' dir='ltr'>Civilis</span> 
     </span>
    </p>
   </div>
   <div class='ocr_carea' id='block_1_2' title="bbox 407 245 1852 1939">
    <p class='ocr_par' dir='ltr' id='par_1_2' title="bbox 407 245 1846 426">
     <span class='ocr_line' id='line_1_2' title="bbox 410 245 1845 304; baseline 0.002 -16"><span class='ocrx_word' id='word_1_5' title='bbox 410 247 543 298; x_wconf 85' lang='lat' dir='ltr'>uxori,</span> <span class='ocrx_word' id='word_1_6' title='bbox 571 245 717 296; x_wconf 81' lang='lat' dir='ltr'>nurui;</span> <span class='ocrx_word' id='word_1_7' title='bbox 763 258 854 285; x_wconf 81' lang='lat' dir='ltr'>nam</span> <span class='ocrx_word' id='word_1_8' title='bbox 875 245 936 285; x_wconf 83' lang='lat' dir='ltr'>hae</span> <span class='ocrx_word' id='word_1_9' title='bbox 957 246 1136 299; x_wconf 83' lang='lat' dir='ltr'>personae</span> <span class='ocrx_word' id='word_1_10' title='bbox 1160 246 1305 300; x_wconf 78' lang='lat' dir='ltr'>injuria</span> <span class='ocrx_word' id='word_1_11' title='bbox 1324 248 1472 289; x_wconf 67' lang='lat' dir='ltr'>affecitae</span> <span class='ocrx_word' id='word_1_12' title='bbox 1500 247 1696 290; x_wconf 71' lang='lat' dir='ltr'>actionem</span> <span class='ocrx_word' id='word_1_13' title='bbox 1726 253 1845 304; x_wconf 83' lang='lat' dir='ltr'>patri,</span> 
     </span>
     <span class='ocr_line' id='line_1_3' title="bbox 408 308 1846 364; baseline 0 -13"><span class='ocrx_word' id='word_1_14' title='bbox 408 312 570 360; x_wconf 82' lang='lat' dir='ltr'>marito,</span> <span class='ocrx_word' id='word_1_15' title='bbox 599 324 642 349; x_wconf 88' lang='lat' dir='ltr'>ac</span> <span class='ocrx_word' id='word_1_16' title='bbox 672 308 812 349; x_wconf 86' lang='lat' dir='ltr'>socero</span> <span class='ocrx_word' id='word_1_17' title='bbox 831 309 1054 362; x_wconf 86' lang='lat' dir='ltr'>acquirunt,</span> <span class='ocrx_word' id='word_1_18' title='bbox 1082 322 1255 363; x_wconf 88' lang='lat' dir='ltr'>quorum</span> <span class='ocrx_word' id='word_1_19' title='bbox 1282 309 1474 350; x_wconf 86' lang='lat' dir='ltr'>nimirum</span> <span class='ocrx_word' id='word_1_20' title='bbox 1492 312 1675 364; x_wconf 87' lang='lat' dir='ltr'>potestati</span> <span class='ocrx_word' id='word_1_21' title='bbox 1696 312 1759 353; x_wconf 90' lang='lat' dir='ltr'>vel</span> <span class='ocrx_word' id='word_1_22' title='bbox 1788 311 1846 353; x_wconf 84' lang='lat' dir='ltr'>af-</span> 
     </span>
     <span class='ocr_line' id='line_1_4' title="bbox 407 371 856 426; baseline 0 -14"><span class='ocrx_word' id='word_1_23' title='bbox 407 372 530 413; x_wconf 67' lang='lat' dir='ltr'>feetui</span> <span class='ocrx_word' id='word_1_24' title='bbox 549 371 735 426; x_wconf 63' lang='lat' dir='ltr'>subjed’wz</span> <span class='ocrx_word' id='word_1_25' title='bbox 753 371 856 412; x_wconf 85' lang='lat' dir='ltr'>sunt.</span> 
     </span>
    </p>

    <p class='ocr_par' dir='ltr' id='par_1_3' title="bbox 408 434 1848 682">
     <span class='ocr_line' id='line_1_5' title="bbox 466 434 1845 492; baseline 0 -15"><span class='ocrx_word' id='word_1_26' title='bbox 466 453 503 485; x_wconf 92' lang='lat'>5.</span> <span class='ocrx_word' id='word_1_27' title='bbox 535 438 571 476; x_wconf 86' lang='lat' dir='ltr'>Si</span> <span class='ocrx_word' id='word_1_28' title='bbox 596 437 741 490; x_wconf 88' lang='lat' dir='ltr'>injuria</span> <span class='ocrx_word' id='word_1_29' title='bbox 755 437 845 476; x_wconf 92' lang='lat' dir='ltr'>viro</span> <span class='ocrx_word' id='word_1_30' title='bbox 864 436 968 475; x_wconf 61' lang='lat' dir='ltr'>faeta</span> <span class='ocrx_word' id='word_1_31' title='bbox 984 434 1042 484; x_wconf 85' lang='lat' dir='ltr'>fit,</span> <span class='ocrx_word' id='word_1_32' title='bbox 1071 439 1189 476; x_wconf 84' lang='lat' dir='ltr'>Uxor</span> <span class='ocrx_word' id='word_1_33' title='bbox 1209 449 1289 475; x_wconf 88' lang='lat' dir='ltr'>non</span> <span class='ocrx_word' id='word_1_34' title='bbox 1307 435 1435 488; x_wconf 86' lang='lat' dir='ltr'>potest</span> <span class='ocrx_word' id='word_1_35' title='bbox 1457 435 1691 490; x_wconf 84' lang='lat' dir='ltr'>injuriarum</span> <span class='ocrx_word' id='word_1_36' title='bbox 1714 452 1845 492; x_wconf 88' lang='lat' dir='ltr'>agere.</span> 
     </span>
     <span class='ocr_line' id='line_1_6' title="bbox 408 499 1846 553; baseline 0.002 -14"><span class='ocrx_word' id='word_1_37' title='bbox 408 500 587 540; x_wconf 91' lang='lat' dir='ltr'>Defendi</span> <span class='ocrx_word' id='word_1_38' title='bbox 606 500 712 541; x_wconf 89' lang='lat' dir='ltr'>enim</span> <span class='ocrx_word' id='word_1_39' title='bbox 727 513 869 540; x_wconf 87' lang='lat' dir='ltr'>uxores</span> <span class='ocrx_word' id='word_1_40' title='bbox 891 514 913 539; x_wconf 86' lang='lat' dir='ltr'>a</span> <span class='ocrx_word' id='word_1_41' title='bbox 928 499 1050 548; x_wconf 81' lang='lat' dir='ltr'>ViriS,</span> <span class='ocrx_word' id='word_1_42' title='bbox 1078 512 1163 537; x_wconf 93' lang='lat' dir='ltr'>non</span> <span class='ocrx_word' id='word_1_43' title='bbox 1183 499 1292 538; x_wconf 82' lang='lat' dir='ltr'>viros</span> <span class='ocrx_word' id='word_1_44' title='bbox 1315 499 1364 539; x_wconf 93' lang='lat' dir='ltr'>ab</span> <span class='ocrx_word' id='word_1_45' title='bbox 1384 500 1572 539; x_wconf 87' lang='lat' dir='ltr'>uxoribus</span> <span class='ocrx_word' id='word_1_46' title='bbox 1588 514 1742 553; x_wconf 89' lang='lat' dir='ltr'>aequum</span> <span class='ocrx_word' id='word_1_47' title='bbox 1760 504 1814 543; x_wconf 90' lang='lat' dir='ltr'>est</span> <span class='ocrx_word' id='word_1_48' title='bbox 1832 519 1846 550; x_wconf 85' lang='grc'><strong><em>;</em></strong></span> 
     </span>
     <span class='ocr_line' id='line_1_7' title="bbox 408 562 1848 619; baseline 0.002 -17"><span class='ocrx_word' id='word_1_49' title='bbox 408 562 478 602; x_wconf 88' lang='lat' dir='ltr'>nifi</span> <span class='ocrx_word' id='word_1_50' title='bbox 502 564 552 604; x_wconf 89' lang='lat' dir='ltr'>de</span> <span class='ocrx_word' id='word_1_51' title='bbox 575 564 811 616; x_wconf 85' lang='lat' dir='ltr'>captivitate</span> <span class='ocrx_word' id='word_1_52' title='bbox 831 573 899 603; x_wconf 86' lang='lat' dir='ltr'>aut</span> <span class='ocrx_word' id='word_1_53' title='bbox 922 562 1236 603; x_wconf 79' lang='lat' dir='ltr'>incarceratione</span> <span class='ocrx_word' id='word_1_54' title='bbox 1251 563 1356 612; x_wconf 83' lang='lat' dir='ltr'>Viri,</span> <span class='ocrx_word' id='word_1_55' title='bbox 1383 562 1509 603; x_wconf 89' lang='lat' dir='ltr'>aliave</span> <span class='ocrx_word' id='word_1_56' title='bbox 1528 563 1727 617; x_wconf 85' lang='lat' dir='ltr'>personali</span> <span class='ocrx_word' id='word_1_57' title='bbox 1745 565 1848 619; x_wconf 89' lang='lat' dir='ltr'>inju-</span> 
     </span>
     <span class='ocr_line' id='line_1_8' title="bbox 409 625 1540 682; baseline 0 -16"><span class='ocrx_word' id='word_1_58' title='bbox 409 625 470 667; x_wconf 63' lang='lat' dir='ltr'>ria</span> <span class='ocrx_word' id='word_1_59' title='bbox 489 637 642 682; x_wconf 81' lang='lat' dir='ltr'>agatur,</span> <span class='ocrx_word' id='word_1_60' title='bbox 670 641 758 680; x_wconf 85' lang='lat' dir='ltr'>quae</span> <span class='ocrx_word' id='word_1_61' title='bbox 775 625 825 666; x_wconf 89' lang='lat' dir='ltr'>ad</span> <span class='ocrx_word' id='word_1_62' title='bbox 846 627 968 680; x_wconf 86' lang='lat' dir='ltr'>ipsam</span> <span class='ocrx_word' id='word_1_63' title='bbox 987 639 1143 678; x_wconf 89' lang='lat' dir='ltr'>quoque</span> <span class='ocrx_word' id='word_1_64' title='bbox 1163 625 1340 678; x_wconf 86' lang='lat' dir='ltr'>pertinet</span> <span class='ocrx_word' id='word_1_65' title='bbox 1360 639 1540 666; x_wconf 84' lang='lat' dir='ltr'>uxorem.</span> 
     </span>
    </p>

    <p class='ocr_par' dir='ltr' id='par_1_4' title="bbox 409 687 1846 808">
     <span class='ocr_line' id='line_1_9' title="bbox 465 687 1846 745; baseline 0.001 -16"><span class='ocrx_word' id='word_1_66' title='bbox 465 697 501 729; x_wconf 88' lang='lat'>6.</span> <span class='ocrx_word' id='word_1_67' title='bbox 534 690 666 730; x_wconf 88' lang='lat' dir='ltr'>Potest</span> <span class='ocrx_word' id='word_1_68' title='bbox 694 702 791 730; x_wconf 88' lang='lat' dir='ltr'>vero</span> <span class='ocrx_word' id='word_1_69' title='bbox 819 688 872 728; x_wconf 94' lang='lat' dir='ltr'>ob</span> <span class='ocrx_word' id='word_1_70' title='bbox 901 689 1085 742; x_wconf 86' lang='lat' dir='ltr'>injuriam</span> <span class='ocrx_word' id='word_1_71' title='bbox 1118 687 1178 727; x_wconf 90' lang='lat' dir='ltr'>vel</span> <span class='ocrx_word' id='word_1_72' title='bbox 1197 687 1360 728; x_wconf 84' lang='lat' dir='ltr'>civiliter</span> <span class='ocrx_word' id='word_1_73' title='bbox 1378 688 1457 741; x_wconf 86' lang='lat' dir='ltr'>agi,</span> <span class='ocrx_word' id='word_1_74' title='bbox 1487 687 1550 727; x_wconf 90' lang='lat' dir='ltr'>vel</span> <span class='ocrx_word' id='word_1_75' title='bbox 1577 689 1818 732; x_wconf 84' lang='lat' dir='ltr'>criminaliter</span> <span class='ocrx_word' id='word_1_76' title='bbox 1834 715 1846 745; x_wconf 67' lang='grc' dir='ltr'><strong><em>ς</em></strong></span> 
     </span>
     <span class='ocr_line' id='line_1_10' title="bbox 409 751 1792 808; baseline 0.002 -16"><span class='ocrx_word' id='word_1_77' title='bbox 409 754 586 806; x_wconf 86' lang='lat' dir='ltr'>itemque</span> <span class='ocrx_word' id='word_1_78' title='bbox 604 754 667 793; x_wconf 90' lang='lat' dir='ltr'>vel</span> <span class='ocrx_word' id='word_1_79' title='bbox 690 768 736 794; x_wconf 86' lang='lat' dir='ltr'>ex</span> <span class='ocrx_word' id='word_1_80' title='bbox 757 751 885 793; x_wconf 64' lang='lat' dir='ltr'><em>Ediilo</em></span> <span class='ocrx_word' id='word_1_81' title='bbox 904 752 1091 800; x_wconf 81' lang='lat' dir='ltr'>Praetoris‚</span> <span class='ocrx_word' id='word_1_82' title='bbox 1117 751 1178 791; x_wconf 91' lang='lat' dir='ltr'>vel</span> <span class='ocrx_word' id='word_1_83' title='bbox 1196 766 1245 792; x_wconf 86' lang='lat' dir='ltr'>ex</span> <span class='ocrx_word' id='word_1_84' title='bbox 1265 753 1358 807; x_wconf 84' lang='lat' dir='ltr'>Lege</span> <span class='ocrx_word' id='word_1_85' title='bbox 1380 752 1539 791; x_wconf 86' lang='lat' dir='ltr'>Cornelia</span> <span class='ocrx_word' id='word_1_86' title='bbox 1561 753 1602 792; x_wconf 81' lang='lat' dir='ltr'>de</span> <span class='ocrx_word' id='word_1_87' title='bbox 1622 754 1792 808; x_wconf 83' lang='lat' dir='ltr'>Injuriis.</span> 
     </span>
    </p>

    <p class='ocr_par' dir='ltr' id='par_1_5' title="bbox 409 814 1850 994">
     <span class='ocr_line' id='line_1_11' title="bbox 467 814 1850 869; baseline -0.001 -11"><span class='ocrx_word' id='word_1_88' title='bbox 467 832 503 861; x_wconf 89' lang='lat'>7.</span> <span class='ocrx_word' id='word_1_89' title='bbox 534 816 727 867; x_wconf 70' lang='lat' dir='ltr'>Praetoria,</span> <span class='ocrx_word' id='word_1_90' title='bbox 754 829 841 869; x_wconf 82' lang='lat' dir='ltr'>quae</span> <span class='ocrx_word' id='word_1_91' title='bbox 868 821 902 856; x_wconf 70' lang='grc' dir='ltr'>ὅ(</span> <span class='ocrx_word' id='word_1_92' title='bbox 924 814 1155 867; x_wconf 72' lang='lat' dir='ltr'>aeslimatoria</span> <span class='ocrx_word' id='word_1_93' title='bbox 1181 824 1358 865; x_wconf 84' lang='lat' dir='ltr'>vocatur,</span> <span class='ocrx_word' id='word_1_94' title='bbox 1377 814 1496 854; x_wconf 83' lang='lat' dir='ltr'>datur</span> <span class='ocrx_word' id='word_1_95' title='bbox 1516 814 1701 867; x_wconf 85' lang='lat' dir='ltr'>injuriam</span> <span class='ocrx_word' id='word_1_96' title='bbox 1720 816 1784 857; x_wconf 89' lang='lat' dir='ltr'>vel</span> <span class='ocrx_word' id='word_1_97' title='bbox 1807 816 1850 856; x_wconf 88' lang='lat' dir='ltr'>in</span> 
     </span>
     <span class='ocr_line' id='line_1_12' title="bbox 410 875 1849 932; baseline 0.001 -15"><span class='ocrx_word' id='word_1_98' title='bbox 410 878 464 926; x_wconf 87' lang='lat' dir='ltr'>se,</span> <span class='ocrx_word' id='word_1_99' title='bbox 494 877 555 917; x_wconf 87' lang='lat' dir='ltr'>vel</span> <span class='ocrx_word' id='word_1_100' title='bbox 585 879 626 917; x_wconf 90' lang='lat' dir='ltr'>in</span> <span class='ocrx_word' id='word_1_101' title='bbox 647 879 734 918; x_wconf 82' lang='lat' dir='ltr'>aliis</span> <span class='ocrx_word' id='word_1_102' title='bbox 763 893 784 918; x_wconf 92' lang='lat' dir='ltr'>e</span> <span class='ocrx_word' id='word_1_103' title='bbox 815 878 968 918; x_wconf 79' lang='lat' dir='ltr'>familia</span> <span class='ocrx_word' id='word_1_104' title='bbox 990 877 1057 916; x_wconf 86' lang='lat' dir='ltr'>sua</span> <span class='ocrx_word' id='word_1_105' title='bbox 1080 877 1204 929; x_wconf 68' lang='lat' dir='ltr'>palso,</span> <span class='ocrx_word' id='word_1_106' title='bbox 1232 875 1414 916; x_wconf 84' lang='lat' dir='ltr'>adversus</span> <span class='ocrx_word' id='word_1_107' title='bbox 1431 890 1537 926; x_wconf 89' lang='lat' dir='ltr'>eum,</span> <span class='ocrx_word' id='word_1_108' title='bbox 1566 879 1636 929; x_wconf 91' lang='lat' dir='ltr'>qui</span> <span class='ocrx_word' id='word_1_109' title='bbox 1665 879 1729 919; x_wconf 91' lang='lat' dir='ltr'>vel</span> <span class='ocrx_word' id='word_1_110' title='bbox 1752 878 1849 932; x_wconf 89' lang='lat' dir='ltr'>ipse,</span> 
     </span>
     <span class='ocr_line' id='line_1_13' title="bbox 409 939 1809 994; baseline 0.002 -14"><span class='ocrx_word' id='word_1_111' title='bbox 409 940 473 980; x_wconf 94' lang='lat' dir='ltr'>vel</span> <span class='ocrx_word' id='word_1_112' title='bbox 492 953 564 994; x_wconf 87' lang='lat' dir='ltr'>per</span> <span class='ocrx_word' id='word_1_113' title='bbox 585 942 684 981; x_wconf 85' lang='lat' dir='ltr'>alios</span> <span class='ocrx_word' id='word_1_114' title='bbox 704 941 857 990; x_wconf 89' lang='lat' dir='ltr'>intulit,</span> <span class='ocrx_word' id='word_1_115' title='bbox 886 940 936 980; x_wconf 88' lang='lat' dir='ltr'>ad</span> <span class='ocrx_word' id='word_1_116' title='bbox 956 939 1011 988; x_wconf 89' lang='lat' dir='ltr'>id,</span> <span class='ocrx_word' id='word_1_117' title='bbox 1041 939 1182 992; x_wconf 88' lang='lat' dir='ltr'>quanti</span> <span class='ocrx_word' id='word_1_118' title='bbox 1201 939 1386 993; x_wconf 86' lang='lat' dir='ltr'>injuriam</span> <span class='ocrx_word' id='word_1_119' title='bbox 1412 942 1526 981; x_wconf 72' lang='lat' dir='ltr'>:ustor</span> <span class='ocrx_word' id='word_1_120' title='bbox 1545 942 1809 983; x_wconf 85' lang='lat' dir='ltr'>aestimaverit.</span> 
     </span>
    </p>

    <p class='ocr_par' dir='ltr' id='par_1_6' title="bbox 408 1002 1848 1121">
     <span class='ocr_line' id='line_1_14' title="bbox 468 1002 1848 1046; baseline 0 -2"><span class='ocrx_word' id='word_1_121' title='bbox 468 1010 502 1044; x_wconf 89' lang='lat'>8.</span> <span class='ocrx_word' id='word_1_122' title='bbox 533 1004 864 1045; x_wconf 83' lang='lat' dir='ltr'>Extraordinaria</span> <span class='ocrx_word' id='word_1_123' title='bbox 889 1003 1094 1043; x_wconf 83' lang='lat' dir='ltr'>criminalis</span> <span class='ocrx_word' id='word_1_124' title='bbox 1122 1002 1241 1043; x_wconf 89' lang='lat' dir='ltr'>datur</span> <span class='ocrx_word' id='word_1_125' title='bbox 1271 1002 1411 1044; x_wconf 89' lang='lat' dir='ltr'>iisdem</span> <span class='ocrx_word' id='word_1_126' title='bbox 1437 1015 1577 1044; x_wconf 88' lang='lat' dir='ltr'>contra</span> <span class='ocrx_word' id='word_1_127' title='bbox 1614 1005 1773 1046; x_wconf 89' lang='lat' dir='ltr'>eosdem</span> <span class='ocrx_word' id='word_1_128' title='bbox 1799 1004 1848 1045; x_wconf 86' lang='lat' dir='ltr'>ad</span> 
     </span>
     <span class='ocr_line' id='line_1_15' title="bbox 408 1066 1131 1121; baseline 0 -13"><span class='ocrx_word' id='word_1_129' title='bbox 408 1081 572 1121; x_wconf 81' lang='lat' dir='ltr'>poenam</span> <span class='ocrx_word' id='word_1_130' title='bbox 593 1068 846 1108; x_wconf 85' lang='lat' dir='ltr'>arbitrariam</span> <span class='ocrx_word' id='word_1_131' title='bbox 866 1066 1131 1121; x_wconf 84' lang='lat' dir='ltr'>infligendam.</span> 
     </span>
    </p>

    <p class='ocr_par' dir='ltr' id='par_1_7' title="bbox 409 1128 1852 1422">
     <span class='ocr_line' id='line_1_16' title="bbox 466 1128 1849 1184; baseline -0.001 -14"><span class='ocrx_word' id='word_1_132' title='bbox 466 1145 503 1176; x_wconf 90' lang='lat'>9.</span> <span class='ocrx_word' id='word_1_133' title='bbox 536 1130 658 1170; x_wconf 72' lang='lat' dir='ltr'>Actio</span> <span class='ocrx_word' id='word_1_134' title='bbox 678 1145 724 1169; x_wconf 87' lang='lat' dir='ltr'>ex</span> <span class='ocrx_word' id='word_1_135' title='bbox 743 1131 819 1184; x_wconf 85' lang='lat' dir='ltr'>lege</span> <span class='ocrx_word' id='word_1_136' title='bbox 836 1129 996 1169; x_wconf 79' lang='lat' dir='ltr'>Cornelia</span> <span class='ocrx_word' id='word_1_137' title='bbox 1016 1129 1059 1168; x_wconf 86' lang='lat' dir='ltr'>de</span> <span class='ocrx_word' id='word_1_138' title='bbox 1086 1128 1238 1182; x_wconf 81' lang='lat' dir='ltr'>injuriis</span> <span class='ocrx_word' id='word_1_139' title='bbox 1257 1128 1386 1169; x_wconf 87' lang='lat' dir='ltr'>civilis</span> <span class='ocrx_word' id='word_1_140' title='bbox 1415 1143 1498 1168; x_wconf 91' lang='lat' dir='ltr'>non</span> <span class='ocrx_word' id='word_1_141' title='bbox 1517 1129 1636 1169; x_wconf 89' lang='lat' dir='ltr'>datur</span> <span class='ocrx_word' id='word_1_142' title='bbox 1664 1130 1849 1171; x_wconf 86' lang='lat' dir='ltr'>omnibus</span> 
     </span>
     <span class='ocr_line' id='line_1_17' title="bbox 409 1190 1852 1246; baseline 0.001 -14"><span class='ocrx_word' id='word_1_143' title='bbox 409 1193 598 1246; x_wconf 87' lang='lat' dir='ltr'>injuriam</span> <span class='ocrx_word' id='word_1_144' title='bbox 624 1206 895 1246; x_wconf 87' lang='lat' dir='ltr'>quamcunque</span> <span class='ocrx_word' id='word_1_145' title='bbox 921 1191 1044 1244; x_wconf 86' lang='lat' dir='ltr'>paffis,</span> <span class='ocrx_word' id='word_1_146' title='bbox 1071 1190 1138 1231; x_wconf 92' lang='lat' dir='ltr'>sed</span> <span class='ocrx_word' id='word_1_147' title='bbox 1166 1205 1253 1232; x_wconf 89' lang='lat' dir='ltr'>cum</span> <span class='ocrx_word' id='word_1_148' title='bbox 1278 1191 1365 1244; x_wconf 82' lang='lat' dir='ltr'>quis</span> <span class='ocrx_word' id='word_1_149' title='bbox 1392 1191 1580 1245; x_wconf 86' lang='lat' dir='ltr'>pulsatus,</span> <span class='ocrx_word' id='word_1_150' title='bbox 1607 1193 1852 1241; x_wconf 86' lang='lat' dir='ltr'>verberatus,</span> 
     </span>
     <span class='ocr_line' id='line_1_18' title="bbox 409 1254 1851 1311; baseline 0.001 -14"><span class='ocrx_word' id='word_1_151' title='bbox 409 1256 473 1297; x_wconf 92' lang='lat' dir='ltr'>vel</span> <span class='ocrx_word' id='word_1_152' title='bbox 492 1257 572 1311; x_wconf 86' lang='lat' dir='ltr'>ejus</span> <span class='ocrx_word' id='word_1_153' title='bbox 591 1255 731 1296; x_wconf 84' lang='lat' dir='ltr'>domus</span> <span class='ocrx_word' id='word_1_154' title='bbox 749 1257 791 1297; x_wconf 92' lang='lat' dir='ltr'>vi</span> <span class='ocrx_word' id='word_1_155' title='bbox 812 1256 981 1296; x_wconf 83' lang='lat' dir='ltr'>introita</span> <span class='ocrx_word' id='word_1_156' title='bbox 999 1256 1067 1306; x_wconf 86' lang='lat' dir='ltr'>est,</span> <span class='ocrx_word' id='word_1_157' title='bbox 1094 1254 1277 1295; x_wconf 86' lang='lat' dir='ltr'>adversus</span> <span class='ocrx_word' id='word_1_158' title='bbox 1300 1254 1533 1308; x_wconf 83' lang='lat' dir='ltr'>pulsantem,</span> <span class='ocrx_word' id='word_1_159' title='bbox 1561 1257 1851 1309; x_wconf 86' lang='lat' dir='ltr'>verberantem,</span> 
     </span>
     <span class='ocr_line' id='line_1_19' title="bbox 409 1315 1851 1372; baseline 0 -14"><span class='ocrx_word' id='word_1_160' title='bbox 409 1319 698 1366; x_wconf 87' lang='lat' dir='ltr'>introeuntem,</span> <span class='ocrx_word' id='word_1_161' title='bbox 727 1317 792 1358; x_wconf 88' lang='lat' dir='ltr'>vel</span> <span class='ocrx_word' id='word_1_162' title='bbox 819 1316 862 1357; x_wconf 90' lang='lat' dir='ltr'>id</span> <span class='ocrx_word' id='word_1_163' title='bbox 885 1317 972 1357; x_wconf 89' lang='lat' dir='ltr'>fieri</span> <span class='ocrx_word' id='word_1_164' title='bbox 998 1315 1266 1366; x_wconf 84' lang='lat' dir='ltr'>mandantem,</span> <span class='ocrx_word' id='word_1_165' title='bbox 1295 1315 1343 1356; x_wconf 93' lang='lat' dir='ltr'>ad</span> <span class='ocrx_word' id='word_1_166' title='bbox 1373 1316 1416 1356; x_wconf 92' lang='lat' dir='ltr'>id</span> <span class='ocrx_word' id='word_1_167' title='bbox 1443 1318 1580 1370; x_wconf 86' lang='lat' dir='ltr'>quanti</span> <span class='ocrx_word' id='word_1_168' title='bbox 1608 1319 1719 1358; x_wconf 64' lang='lat' dir='ltr'>adtor</span> <span class='ocrx_word' id='word_1_169' title='bbox 1750 1319 1851 1372; x_wconf 87' lang='lat' dir='ltr'>inju-</span> 
     </span>
     <span class='ocr_line' id='line_1_20' title="bbox 409 1380 804 1422; baseline 0 -1"><span class='ocrx_word' id='word_1_170' title='bbox 409 1381 508 1421; x_wconf 85' lang='lat' dir='ltr'>riam</span> <span class='ocrx_word' id='word_1_171' title='bbox 536 1380 804 1422; x_wconf 85' lang='lat' dir='ltr'>aestimaverit.</span> 
     </span>
    </p>

    <p class='ocr_par' dir='ltr' id='par_1_8' title="bbox 410 1442 1851 1559">
     <span class='ocr_line' id='line_1_21' title="bbox 471 1442 1851 1496; baseline 0.001 -15"><span class='ocrx_word' id='word_1_172' title='bbox 471 1458 534 1485; x_wconf 92' lang='lat'>10.</span> <span class='ocrx_word' id='word_1_173' title='bbox 562 1444 795 1484; x_wconf 87' lang='lat' dir='ltr'>Criminalis</span> <span class='ocrx_word' id='word_1_174' title='bbox 826 1457 873 1483; x_wconf 87' lang='lat' dir='ltr'>ex</span> <span class='ocrx_word' id='word_1_175' title='bbox 905 1444 1040 1484; x_wconf 91' lang='lat' dir='ltr'>eadem</span> <span class='ocrx_word' id='word_1_176' title='bbox 1071 1443 1158 1496; x_wconf 86' lang='lat' dir='ltr'>lege</span> <span class='ocrx_word' id='word_1_177' title='bbox 1191 1443 1280 1483; x_wconf 86' lang='lat' dir='ltr'>data</span> <span class='ocrx_word' id='word_1_178' title='bbox 1308 1442 1470 1483; x_wconf 88' lang='lat' dir='ltr'>videtur</span> <span class='ocrx_word' id='word_1_179' title='bbox 1501 1442 1639 1483; x_wconf 89' lang='lat' dir='ltr'>iisdem</span> <span class='ocrx_word' id='word_1_180' title='bbox 1668 1443 1851 1485; x_wconf 84' lang='lat' dir='ltr'>adversus</span> 
     </span>
     <span class='ocr_line' id='line_1_22' title="bbox 410 1504 1417 1559; baseline -0.004 -12"><span class='ocrx_word' id='word_1_181' title='bbox 410 1505 571 1547; x_wconf 88' lang='lat' dir='ltr'>eosdem</span> <span class='ocrx_word' id='word_1_182' title='bbox 591 1505 640 1545; x_wconf 91' lang='lat' dir='ltr'>ad</span> <span class='ocrx_word' id='word_1_183' title='bbox 659 1519 821 1559; x_wconf 82' lang='lat' dir='ltr'>poenam</span> <span class='ocrx_word' id='word_1_184' title='bbox 840 1504 1039 1558; x_wconf 88' lang='lat' dir='ltr'>publicam</span> <span class='ocrx_word' id='word_1_185' title='bbox 1058 1519 1129 1544; x_wconf 93' lang='lat' dir='ltr'>reo</span> <span class='ocrx_word' id='word_1_186' title='bbox 1149 1504 1417 1558; x_wconf 85' lang='lat' dir='ltr'>infligendam.</span> 
     </span>
    </p>

    <p class='ocr_par' dir='ltr' id='par_1_9' title="bbox 411 1567 1852 1939">
     <span class='ocr_line' id='line_1_23' title="bbox 472 1567 1851 1622; baseline 0.001 -16"><span class='ocrx_word' id='word_1_187' title='bbox 472 1584 487 1606; x_wconf 95' lang='lat'>1</span> <span class='ocrx_word' id='word_1_188' title='bbox 500 1584 532 1607; x_wconf 90' lang='lat'>1.</span> <span class='ocrx_word' id='word_1_189' title='bbox 592 1569 743 1607; x_wconf 86' lang='lat' dir='ltr'>Omnes</span> <span class='ocrx_word' id='word_1_190' title='bbox 761 1568 823 1608; x_wconf 88' lang='lat' dir='ltr'>hae</span> <span class='ocrx_word' id='word_1_191' title='bbox 841 1567 1167 1620; x_wconf 84' lang='lat' dir='ltr'>persequutiones</span> <span class='ocrx_word' id='word_1_192' title='bbox 1187 1567 1387 1619; x_wconf 85' lang='lat' dir='ltr'>exspirant</span> <span class='ocrx_word' id='word_1_193' title='bbox 1398 1568 1693 1622; x_wconf 62' lang='lat' dir='ltr'>praefirzptione;</span> <span class='ocrx_word' id='word_1_194' title='bbox 1725 1571 1851 1619; x_wconf 89' lang='lat' dir='ltr'>(Prae-</span> 
     </span>
     <span class='ocr_line' id='line_1_24' title="bbox 412 1630 1852 1686; baseline 0.003 -15"><span class='ocrx_word' id='word_1_195' title='bbox 412 1631 520 1671; x_wconf 87' lang='lat' dir='ltr'>toria</span> <span class='ocrx_word' id='word_1_196' title='bbox 537 1630 642 1670; x_wconf 89' lang='lat' dir='ltr'>enim</span> <span class='ocrx_word' id='word_1_197' title='bbox 660 1630 768 1671; x_wconf 65' lang='lat' dir='ltr'>aetio</span> <span class='ocrx_word' id='word_1_198' title='bbox 787 1630 922 1684; x_wconf 86' lang='lat' dir='ltr'>elapso</span> <span class='ocrx_word' id='word_1_199' title='bbox 943 1645 1046 1670; x_wconf 88' lang='lat' dir='ltr'>anno</span> <span class='ocrx_word' id='word_1_200' title='bbox 1065 1652 1077 1682; x_wconf 82' lang='lat'><em>3</em></span> <span class='ocrx_word' id='word_1_201' title='bbox 1106 1631 1211 1670; x_wconf 65' lang='lat' dir='ltr'>aditio</span> <span class='ocrx_word' id='word_1_202' title='bbox 1238 1645 1286 1670; x_wconf 88' lang='lat' dir='ltr'>ex</span> <span class='ocrx_word' id='word_1_203' title='bbox 1305 1630 1393 1683; x_wconf 89' lang='lat' dir='ltr'>lege</span> <span class='ocrx_word' id='word_1_204' title='bbox 1410 1631 1600 1671; x_wconf 86' lang='lat' dir='ltr'>Cornelia</span> <span class='ocrx_word' id='word_1_205' title='bbox 1620 1633 1745 1674; x_wconf 73' lang='lat' dir='ltr'>civilis</span> <span class='ocrx_word' id='word_1_206' title='bbox 1763 1636 1852 1686; x_wconf 87' lang='lat' dir='ltr'>post</span> 
     </span>
     <span class='ocr_line' id='line_1_25' title="bbox 412 1693 1851 1750; baseline 0.001 -15"><span class='ocrx_word' id='word_1_207' title='bbox 412 1695 610 1750; x_wconf 80' lang='lat' dir='ltr'>triginta3</span> <span class='ocrx_word' id='word_1_208' title='bbox 649 1694 854 1733; x_wconf 84' lang='lat' dir='ltr'>criminalis</span> <span class='ocrx_word' id='word_1_209' title='bbox 872 1695 960 1747; x_wconf 91' lang='lat' dir='ltr'>post</span> <span class='ocrx_word' id='word_1_210' title='bbox 982 1693 1125 1748; x_wconf 84' lang='lat' dir='ltr'>viginti</span> <span class='ocrx_word' id='word_1_211' title='bbox 1144 1693 1303 1734; x_wconf 88' lang='lat' dir='ltr'>demum</span> <span class='ocrx_word' id='word_1_212' title='bbox 1323 1708 1446 1735; x_wconf 87' lang='lat' dir='ltr'>annos</span> <span class='ocrx_word' id='word_1_213' title='bbox 1467 1694 1639 1748; x_wconf 82' lang='lat' dir='ltr'>exspirat</span> <span class='ocrx_word' id='word_1_214' title='bbox 1653 1699 1690 1749; x_wconf 82' lang='lat'>3)</span> <span class='ocrx_word' id='word_1_215' title='bbox 1779 1699 1851 1749; x_wconf 82' lang='lat' dir='ltr'>Re·</span> 
     </span>
     <span class='ocr_line' id='line_1_26' title="bbox 413 1757 1851 1812; baseline 0.003 -14"><span class='ocrx_word' id='word_1_216' title='bbox 413 1758 568 1812; x_wconf 75' lang='lat' dir='ltr'>mffone</span> <span class='ocrx_word' id='word_1_217' title='bbox 595 1757 669 1797; x_wconf 89' lang='lat' dir='ltr'>five</span> <span class='ocrx_word' id='word_1_218' title='bbox 696 1760 873 1811; x_wconf 77' lang='lat' dir='ltr'>expreffiz,</span> <span class='ocrx_word' id='word_1_219' title='bbox 911 1757 986 1797; x_wconf 90' lang='lat' dir='ltr'>five</span> <span class='ocrx_word' id='word_1_220' title='bbox 1009 1759 1141 1806; x_wconf 66' lang='lat' dir='ltr'>tacita,</span> <span class='ocrx_word' id='word_1_221' title='bbox 1170 1771 1257 1811; x_wconf 89' lang='lat' dir='ltr'>quae</span> <span class='ocrx_word' id='word_1_222' title='bbox 1289 1774 1336 1799; x_wconf 86' lang='lat' dir='ltr'>ex</span> <span class='ocrx_word' id='word_1_223' title='bbox 1369 1759 1671 1801; x_wconf 84' lang='lat' dir='ltr'>diffimulatione</span> <span class='ocrx_word' id='word_1_224' title='bbox 1704 1761 1789 1811; x_wconf 81' lang='lat' dir='ltr'>irae,</span> <span class='ocrx_word' id='word_1_225' title='bbox 1815 1769 1851 1806; x_wconf 74' lang='grc' dir='ltr'>ὅ(</span> 
     </span>
     <span class='ocr_line' id='line_1_27' title="bbox 411 1821 1851 1878; baseline 0.003 -16"><span class='ocrx_word' id='word_1_226' title='bbox 411 1821 602 1862; x_wconf 84' lang='lat' dir='ltr'>familiari</span> <span class='ocrx_word' id='word_1_227' title='bbox 633 1834 721 1862; x_wconf 89' lang='lat' dir='ltr'>cum</span> <span class='ocrx_word' id='word_1_228' title='bbox 757 1835 828 1861; x_wconf 91' lang='lat' dir='ltr'>reo</span> <span class='ocrx_word' id='word_1_229' title='bbox 854 1821 1139 1861; x_wconf 86' lang='lat' dir='ltr'>consuetudine</span> <span class='ocrx_word' id='word_1_230' title='bbox 1158 1822 1365 1878; x_wconf 78' lang='lat' dir='ltr'>colligitur</span> <span class='ocrx_word' id='word_1_231' title='bbox 1380 1824 1607 1875; x_wconf 64' lang='lat' dir='ltr'>3--1l10rte</span> <span class='ocrx_word' id='word_1_232' title='bbox 1635 1835 1718 1865; x_wconf 90' lang='lat' dir='ltr'>tum</span> <span class='ocrx_word' id='word_1_233' title='bbox 1750 1825 1851 1867; x_wconf 86' lang='lat' dir='ltr'>infe-</span> 
     </span>
     <span class='ocr_line' id='line_1_28' title="bbox 414 1885 998 1939; baseline 0.002 -14"><span class='ocrx_word' id='word_1_234' title='bbox 414 1887 553 1934; x_wconf 88' lang='lat' dir='ltr'>rentis,</span> <span class='ocrx_word' id='word_1_235' title='bbox 580 1896 667 1925; x_wconf 88' lang='lat' dir='ltr'>tum</span> <span class='ocrx_word' id='word_1_236' title='bbox 685 1885 871 1939; x_wconf 87' lang='lat' dir='ltr'>injuriam</span> <span class='ocrx_word' id='word_1_237' title='bbox 893 1886 998 1938; x_wconf 88' lang='lat' dir='ltr'>paffi.</span> 
     </span>
    </p>
   </div>
   <div class='ocr_carea' id='block_1_3' title="bbox 417 1993 1850 2077">
    <p class='ocr_par' dir='ltr' id='par_1_10' title="bbox 417 1993 1850 2077">
     <span class='ocr_line' id='line_1_29' title="bbox 464 1993 1850 2042; baseline 0.001 -12"><span class='ocrx_word' id='word_1_238' title='bbox 464 1993 628 2037; x_wconf 85' lang='lat' dir='ltr'>Pulsatus‚</span> <span class='ocrx_word' id='word_1_239' title='bbox 652 1993 869 2042; x_wconf 84' lang='lat' dir='ltr'>verberatus,]</span> <span class='ocrx_word' id='word_1_240' title='bbox 897 1996 1056 2031; x_wconf 77' lang='lat' dir='ltr'>Verberare</span> <span class='ocrx_word' id='word_1_241' title='bbox 1076 1994 1121 2029; x_wconf 89' lang='lat' dir='ltr'>est</span> <span class='ocrx_word' id='word_1_242' title='bbox 1139 2007 1216 2030; x_wconf 87' lang='lat' dir='ltr'>curn</span> <span class='ocrx_word' id='word_1_243' title='bbox 1235 1994 1378 2038; x_wconf 83' lang='lat' dir='ltr'>dolore;</span> <span class='ocrx_word' id='word_1_244' title='bbox 1401 1997 1523 2042; x_wconf 70' lang='lat' dir='ltr'>Pulfizre</span> <span class='ocrx_word' id='word_1_245' title='bbox 1537 1996 1601 2032; x_wconf 86' lang='lat' dir='ltr'>fine</span> <span class='ocrx_word' id='word_1_246' title='bbox 1619 1996 1736 2032; x_wconf 87' lang='lat' dir='ltr'>dolore</span> <span class='ocrx_word' id='word_1_247' title='bbox 1752 1997 1850 2042; x_wconf 83' lang='lat' dir='ltr'>igno-</span> 
     </span>
     <span class='ocr_line' id='line_1_30' title="bbox 417 2040 811 2077; baseline 0 -1"><span class='ocrx_word' id='word_1_248' title='bbox 417 2043 530 2077; x_wconf 83' lang='lat' dir='ltr'>miniae</span> <span class='ocrx_word' id='word_1_249' title='bbox 554 2041 652 2076; x_wconf 58' lang='lat' dir='ltr'>causa</span> <span class='ocrx_word' id='word_1_250' title='bbox 674 2040 811 2076; x_wconf 72' lang='lat' dir='ltr'>caedere.</span> 
     </span>
    </p>
   </div>
   <div class='ocr_carea' id='block_1_4' title="bbox 551 2142 1708 2209">
    <p class='ocr_par' dir='ltr' id='par_1_11' title="bbox 551 2142 1708 2209">
     <span class='ocr_line' id='line_1_31' title="bbox 551 2142 1708 2209; baseline 0.002 -15"><span class='ocrx_word' id='word_1_251' title='bbox 551 2142 713 2209; x_wconf 78' lang='lat' dir='ltr'>JUS</span> <span class='ocrx_word' id='word_1_252' title='bbox 756 2142 945 2193; x_wconf 85' lang='lat' dir='ltr'>ANG</span> <span class='ocrx_word' id='word_1_253' title='bbox 961 2143 1009 2194; x_wconf 88' lang='lat' dir='ltr'><em>L</em></span> <span class='ocrx_word' id='word_1_254' title='bbox 1026 2143 1387 2196; x_wconf 86' lang='lat' dir='ltr'><em>ICANUM.</em></span> <span class='ocrx_word' id='word_1_255' title='bbox 1416 2145 1479 2194; x_wconf 78' lang='lat' dir='ltr'>ad</span> <span class='ocrx_word' id='word_1_256' title='bbox 1499 2146 1600 2196; x_wconf 71' lang='lat' dir='ltr'>Tit.</span> <span class='ocrx_word' id='word_1_257' title='bbox 1620 2147 1708 2196; x_wconf 82' lang='lat' dir='ltr'>IV.</span> 
     </span>
    </p>
   </div>
   <div class='ocr_carea' id='block_1_5' title="bbox 417 2240 1849 2419">
    <p class='ocr_par' dir='ltr' id='par_1_12' title="bbox 417 2240 1849 2419">
     <span class='ocr_line' id='line_1_32' title="bbox 465 2240 1847 2291; baseline 0.001 -14"><span class='ocrx_word' id='word_1_258' title='bbox 465 2244 614 2277; x_wconf 77' lang='lat' dir='ltr'>Generali</span> <span class='ocrx_word' id='word_1_259' title='bbox 635 2243 765 2289; x_wconf 82' lang='lat' dir='ltr'>injuriae</span> <span class='ocrx_word' id='word_1_260' title='bbox 781 2240 1007 2289; x_wconf 83' lang='lat' dir='ltr'>appellatione</span> <span class='ocrx_word' id='word_1_261' title='bbox 1032 2255 1168 2277; x_wconf 86' lang='lat' dir='ltr'>omnem</span> <span class='ocrx_word' id='word_1_262' title='bbox 1196 2244 1278 2289; x_wconf 82' lang='lat' dir='ltr'>juris</span> <span class='ocrx_word' id='word_1_263' title='bbox 1308 2241 1592 2287; x_wconf 82' lang='lat' dir='ltr'>transgreffionem</span> <span class='ocrx_word' id='word_1_264' title='bbox 1619 2257 1680 2278; x_wconf 85' lang='lat' dir='ltr'>nos</span> <span class='ocrx_word' id='word_1_265' title='bbox 1710 2255 1847 2291; x_wconf 87' lang='lat' dir='ltr'>quoque</span> 
     </span>
     <span class='ocr_line' id='line_1_33' title="bbox 417 2288 1849 2337; baseline 0.001 -13"><span class='ocrx_word' id='word_1_266' title='bbox 417 2290 587 2324; x_wconf 87' lang='lat' dir='ltr'>contineri</span> <span class='ocrx_word' id='word_1_267' title='bbox 612 2289 779 2329; x_wconf 83' lang='lat' dir='ltr'>dicimus;</span> <span class='ocrx_word' id='word_1_268' title='bbox 808 2289 863 2324; x_wconf 89' lang='lat' dir='ltr'>sed</span> <span class='ocrx_word' id='word_1_269' title='bbox 881 2288 926 2324; x_wconf 90' lang='lat' dir='ltr'>de</span> <span class='ocrx_word' id='word_1_270' title='bbox 944 2289 999 2324; x_wconf 86' lang='lat' dir='ltr'>illa</span> <span class='ocrx_word' id='word_1_271' title='bbox 1016 2292 1140 2336; x_wconf 78' lang='lat' dir='ltr'>speciali</span> <span class='ocrx_word' id='word_1_272' title='bbox 1168 2290 1223 2324; x_wconf 86' lang='lat' dir='ltr'>hic</span> <span class='ocrx_word' id='word_1_273' title='bbox 1242 2290 1429 2337; x_wconf 88' lang='lat' dir='ltr'>loquimur,</span> <span class='ocrx_word' id='word_1_274' title='bbox 1455 2303 1530 2337; x_wconf 81' lang='lat' dir='ltr'>quae</span> <span class='ocrx_word' id='word_1_275' title='bbox 1556 2293 1767 2327; x_wconf 84' lang='lat' dir='ltr'>contumeliam</span> <span class='ocrx_word' id='word_1_276' title='bbox 1792 2303 1849 2337; x_wconf 86' lang='lat' dir='ltr'>pa-</span> 
     </span>
     <span class='ocr_line' id='line_1_34' title="bbox 417 2336 1849 2419; baseline 0.001 -49"><span class='ocrx_word' id='word_1_277' title='bbox 417 2338 517 2371; x_wconf 85' lang='lat' dir='ltr'>tienti</span> <span class='ocrx_word' id='word_1_278' title='bbox 539 2338 666 2380; x_wconf 75' lang='lat' dir='ltr'>inurit5</span> <span class='ocrx_word' id='word_1_279' title='bbox 695 2345 731 2371; x_wconf 87' lang='lat' dir='ltr'>ut</span> <span class='ocrx_word' id='word_1_280' title='bbox 747 2348 823 2371; x_wconf 87' lang='lat' dir='ltr'>cum</span> <span class='ocrx_word' id='word_1_281' title='bbox 839 2338 914 2384; x_wconf 87' lang='lat' dir='ltr'>quis</span> <span class='ocrx_word' id='word_1_282' title='bbox 929 2336 1090 2383; x_wconf 85' lang='lat' dir='ltr'>pulsatus,</span> <span class='ocrx_word' id='word_1_283' title='bbox 1117 2336 1323 2380; x_wconf 84' lang='lat' dir='ltr'>verberatus,</span> <span class='ocrx_word' id='word_1_284' title='bbox 1348 2338 1552 2381; x_wconf 85' lang='lat' dir='ltr'>vulneratus,</span> <span class='ocrx_word' id='word_1_285' title='bbox 1578 2338 1629 2374; x_wconf 87' lang='lat' dir='ltr'>vel</span> <span class='ocrx_word' id='word_1_286' title='bbox 1646 2340 1775 2419; x_wconf 54' lang='lat' dir='ltr'>enofmg</span> <span class='ocrx_word' id='word_1_287' title='bbox 1791 2337 1849 2372; x_wconf 84' lang='lat' dir='ltr'>illa</span> 
     </span>
    </p>

    <p class='ocr_par' dir='ltr' id='par_1_13' title="bbox 1727 2397 1846 2419">
     <span class='ocr_line' id='line_1_35' title="bbox 1727 2397 1846 2419; baseline 0 0"><span class='ocrx_word' id='word_1_288' title='bbox 1727 2397 1752 2419; x_wconf 84' lang='lat' dir='ltr'>ae</span> <span class='ocrx_word' id='word_1_289' title='bbox 1778 2397 1846 2419; x_wconf 87' lang='lat' dir='ltr'>one</span> 
     </span>
    </p>
   </div>
  </div>
 </body>
</html>
