2059 2812
398 166 472 207 xx
698 140 1516 207 PROOEMIUM.

398 280 538 320 certo
568 268 679 332 jure
707 265 1042 331 jaecarentur,
1089 285 1171 319 eas
1214 267 1524 320 diffenfiones
1560 273 1836 339 composuit

398 345 717 412 Justinianus
754 346 1107 413 quinquaginta
1138 345 1584 398 Constitutionibus
1629 350 1835 416 fingula-

397 442 511 474 rum
555 424 1018 474 Controverfiarum
1062 423 1378 474 definitiones
1435 426 1798 478 continentibus
1818 469 1832 489 ,

396 518 515 566 quas
530 501 699 552 Codici
717 501 799 550 suo
820 501 1024 550 insertas
1047 517 1134 565 per
1152 500 1332 549 titulos
1352 499 1617 563 distribuit,
1639 504 1834 554 eodem·

389 567 489 643 ‘que
509 590 738 641 tempore
769 577 987 641 priorem
1011 576 1207 625 Codicis
1236 575 1511 626 editionem
1531 580 1833 642 emendavit,

398 672 678 719 novamque
717 654 927 719 protulit
969 654 1269 713 auetiorem,
1321 655 1371 704 &
1404 656 1800 708 emendatiorem
1817 698 1833 719 ‚

393 750 540 798 quam
567 733 720 782 solam
754 731 944 796 publica
971 732 1284 781 Ati&01⁴itate
1315 731 1557 792 munivit,
1601 734 1836 800 abrogata

396 811 576 876 priori3
604 812 749 860 Hanc
765 827 886 861 vero
904 810 1227 875 posteriorem
1245 809 1536 870 editionem,
1563 821 1617 859 ut
1639 829 1665 860 a
1682 812 1835 876 priori

396 888 743 953 distingueret,
793 903 1056 938 con1CEM
1094 903 1412 937 REPETITAE
1453 904 1835 939 PRAELECTIO-

402 958 496 1015 NIS
534 965 815 1029 appellavit.

463 1043 575 1092 Post
607 1043 795 1091 editum
825 1040 1094 1101 Codicem,
1144 1041 1333 1106 reliquo
1371 1041 1575 1106 Imperii
1609 1053 1838 1108 tempore

396 1119 554 1169 varias
582 1119 969 1168 Constitutiones
1000 1119 1183 1176 edidit,
1229 1133 1415 1169 novum
1440 1118 1520 1180 jus
1553 1119 1837 1183 afferentes,

396 1214 504 1260 quae
533 1197 617 1246 vel
638 1198 700 1244 ob
727 1196 796 1254 id,
833 1195 916 1245 vel
941 1195 1071 1259 quod
1097 1196 1201 1259 post
1223 1195 1500 1243 absolutum
1524 1211 1699 1260 corpus
1710 1197 1840 1259 juris

395 1270 706 1336 prodierant,
723 1286 1016 1320 NOVELLAE
1042 1270 1298 1332 appellatae
1318 1269 1457 1330 sunt·‚
1484 1285 1650 1335 eaeque
1668 1273 1840 1336 sparsae

395 1349 548 1413 priuS,
586 1357 764 1412 utpote
785 1346 947 1395 oblata
969 1345 1216 1395 occasione
1237 1346 1466 1406 conditae,
1504 1347 1554 1396 in
1579 1364 1733 1399 unum
1752 1369 1838 1400 vo-

393 1427 568 1475 lumen
594 1424 820 1473 coierunt
844 1426 989 1473 Anno
1021 1424 1198 1474 Christ.
1226 1440 1416 1475 DLXVI.
1446 1426 1497 1476 &
1514 1427 1720 1491 Imperii
1744 1425 1838 1492 Ju-

387 1501 644 1568 stinianaei
663 1518 767 1550 xxx
779 1517 798 1550 1
813 1519 856 1551 x.
876 1502 957 1566 qui
973 1501 1089 1552 Vitae
1106 1502 1200 1551 suae
1216 1502 1310 1552 fuit
1333 1512 1601 1553 extremus.

466 1580 515 1628 Si
545 1579 651 1644 quis
675 1596 796 1631 vero
824 1579 1104 1628 uberiorem
1133 1579 1184 1628 &
1215 1579 1578 1629 accuratiorem
1604 1581 1737 1646 Juris
1763 1583 1838 1633 Ci-

398 1657 510 1707 vilis
529 1657 803 1707 Historiam
829 1657 1083 1722 perlegere
1103 1657 1339 1716 voluerit,
1376 1656 1520 1707 adeat
1537 1657 1835 1722 Gravinam,

399 1735 731 1794 Heineccium,
747 1733 1062 1796 Fer-merium,
1092 1730 1323 1801 aliosque,
1348 1735 1430 1800 qui
1449 1735 1510 1785 de
1525 1736 1654 1800 Juris
1666 1737 1836 1789 Civilis

398 1813 586 1879 origine
614 1816 664 1865 &
694 1813 942 1879 progreffu
967 1813 1207 1880 copiosius
1233 1812 1571 1864 differuerunt.
