2059 2812
610 122 756 176 Lib.
790 123 883 176 IV.
956 123 1054 178 Tit.
1093 124 1132 178 I.
1200 140 1213 185 ᾗ
1504 142 1603 192 219

222 226 261 277 4.
295 226 425 266 Verum
446 223 594 263 iterum
613 223 676 265 vel
685 223 884 278 publicum,
912 224 976 265 vel
987 226 1178 279 privatum
1193 223 1262 263 est,
1316 220 1424 261 Illud
1443 220 1602 274 publico

164 291 329 345 judicic,
359 286 597 341 publiceque
625 287 958 330 animadversione
985 287 1239 338 vindicatur3
1281 284 1358 326 hoc
1390 298 1511 338 quum
1540 284 1601 322 di-

166 356 273 395 ϊεᾶε
292 353 339 393 ad
359 351 556 393 laefionem
576 353 826 405 privatorum
845 352 998 399 tendat,
1017 362 1170 392 tantum
1192 350 1390 402 privatam
1410 346 1601 402 producit

164 415 529 469 persequutionem.
586 415 699 465 Talia
726 415 829 463 sunt,
859 415 1028 462 Furtum,
1058 413 1219 467 Rapina,
1249 413 1430 452 Damnum
1460 409 1599 465 injuria

164 477 303 528 datum,
333 477 494 530 Injurict.
1217 526 1220 529 Ι

221 556 257 589 5.
288 539 477 580 Publzcum
499 539 560 580 vel
590 553 636 578 ex
667 539 752 592 lege
778 539 944 590 quadam
976 538 1233 592 publicorum
1267 537 1505 590 judiciorum
1534 536 1600 575 do-

163 605 314 646 scendit
330 625 342 655 3
373 605 436 644 vel
451 614 562 644 extra
575 604 773 651 ordinem,
801 605 977 656 quamvis
995 603 1103 644 nulla
1126 601 1350 656 hujusmodi
1371 600 1435 639 lex
1452 613 1538 639 eam
1558 598 1599 637 in

163 681 246 707 rem
266 667 346 707 lata
367 666 424 716 fit,
455 665 694 705 vindicatur.
754 665 866 705 Prius
893 676 1059 705 vocatur
1089 664 1222 703 crimen
1247 663 1498 712 ordinarium;
1528 674 1602 713 po-

164 732 299 772 sterius
319 730 667 775 extraordinarium,
697 728 931 780 quibusdam
951 730 1056 768 enim
1078 728 1310 768 criminibus
1333 728 1417 779 jure
1445 740 1527 765 non
1545 726 1600 765 est

162 807 271 836 certa
290 807 414 848 poena
432 793 662 840 constituta,
690 791 756 832 {ed
783 791 954 831 arbitrio
971 791 1113 845 judicis
1131 790 1405 842 delinquentes
1429 788 1601 841 puniun-

164 868 244 904 tur,
272 867 315 894 ut
341 855 732 895 Praevaricatores.——
747 856 836 909 Jam
869 854 919 893 de
949 853 1107 895 delictis
1124 853 1307 907 privatis,
1335 858 1370 893 ὅ(
1395 850 1600 903 speciatim

162 916 323 970 quidem
344 915 418 956 hoc
438 915 558 956 titulo
577 914 625 955 de
644 916 751 953 Furto
768 915 975 968 agendum.

219 988 256 1018 6.
289 981 486 1019 FVRTVM
507 979 561 1017 est
580 977 816 1016 contr-efflatio
836 977 1055 1030 fraudulosa
1075 977 1166 1016 lucri
1187 975 1351 1028 finiendi
1374 975 1514 1030 gratia,
1542 974 1606 1013 vel

162 1042 266 1096 ipsius
284 1042 351 1092 rei,
381 1042 444 1080 vel
465 1042 549 1094 ufics
569 1040 661 1095 ejus,
685 1040 955 1094 poffiffionisve,
985 1042 1080 1096 quod
1094 1042 1169 1095 lege
1190 1040 1354 1081 naturali
1375 1038 1601 1093 prohibitum

163 1106 213 1160 est
231 1106 440 1148 admittere.

213 1213 388 1260 Fvarvm]
429 1213 483 1247 Est
501 1225 578 1247 vcro
597 1212 662 1246 hoc
680 1212 881 1247 vocabulum
901 1226 942 1248 ex
959 1225 1072 1247 eorum
1091 1223 1248 1254 numero,
1275 1224 1347 1259 quae
1366 1209 1439 1245 usus
1458 1212 1490 1245 in
1507 1210 1604 1245 dete-

165 1262 289 1297 riorem
307 1260 585 1304 fignificaxionem
603 1259 753 1293 detorfit.
805 1261 901 1293 Nam
919 1264 955 1295 ὅ(
967 1260 1066 1304 servos
1084 1259 1166 1293 olim
1185 1258 1294 1292 distos
1313 1257 1377 1291 effe
1395 1261 1483 1292 Fures
1501 1256 1602 1292 disci-

165 1321 237 1343 mus
264 1320 281 1342 e
307 1309 442 1343 Nonio.
461 1309 519 1343 IV.
542 1319 623 1353 204.
652 1319 682 1352 p.
700 1309 915 1341 66o.---Et
942 1317 1039 1341 notus
1054 1307 1098 1341 est
1115 1305 1223 1341 versus
1238 1305 1382 1349 Virgilii
1402 1304 1518 1348 Eclog.
1536 1306 1600 1340 111.

166 1369 195 1391 v.
217 1360 272 1390 16.

499 1401 592 1448 Quid
606 1402 730 1435 Domini
742 1399 878 1445 faciant,
903 1402 1017 1435 audent
1036 1412 1102 1435 cum
1119 1401 1198 1435 talia
1216 1400 1347 1436 FVRE
1358 1399 1406 1432 S?

165 1470 282 1506 Furari
302 1469 391 1503 enim
410 1469 582 1515 proprium
601 1478 673 1501 erat
690 1469 876 1509 Servorum,
900 1467 985 1501 adeo
1003 1477 1040 1501 ut
1058 1469 1197 1502 Furtum
1215 1466 1325 1511 servile
1338 1466 1477 1510 probrum
1505 1476 1604 1500 vocet

166 1517 281 1552 Tacit.
302 1516 386 1550 Hist.
408 1519 434 1549 Ι.
456 1516 698 1560 48.——Igitur
717 1514 794 1558 jussu
812 1518 848 1549 C.
870 1515 994 1558 Caesaris
1012 1524 1151 1548 oneratus
1173 1515 1313 1553 catenis;
1352 1524 1418 1546 mox
1439 1515 1603 1546 mutatione

166 1573 329 1608 temporum
347 1562 487 1607 dimiffus‚
512 1563 598 1607 cursu
615 1563 752 1596 honorum
775 1561 921 1606 inoffenso,
948 1563 1054 1605 legioni
1077 1561 1135 1606 post
1161 1561 1324 1594 Praeturam
1337 1558 1510 1603 praepofittaes,
1530 1569 1602 1604 pro-

166 1610 334 1655 batusque5
361 1610 578 1645 SERVILI
596 1610 734 1651 deinceps
758 1609 972 1643 PROBRO
998 1609 1136 1655 respersus
1154 1606 1202 1653 est,
1229 1616 1373 1651 tanquam
1382 1604 1523 1654 scyphum
1544 1618 1601 1640 au-

165 1670 248 1693 reum
266 1659 297 1691 in
316 1658 443 1691 convivio
462 1657 583 1690 Claudii
592 1654 729 1699 furatus.

214 1712 319 1756 Qod
334 1713 408 1755 lege
428 1711 569 1746 naturali
585 1710 793 1757 prohibitum
811 1711 855 1744 est
876 1710 1084 1756 admittere]
1122 1712 1258 1744 Natura
1279 1706 1347 1755 ipsa
1365 1708 1431 1742 hoc
1446 1709 1598 1743 omnium

167 1759 335 1795 mentibus
354 1760 573 1802 ingeneravit,
601 1755 690 1793 nefas
708 1758 773 1793 effe
793 1757 891 1792 alteri
914 1757 1092 1792 detrahere
1111 1756 1158 1791 sui
1178 1754 1352 1790 commodi
1369 1754 1473 1789 causa.
1526 1755 1598 1789 Cic.

167 1808 211 1841 de
228 1805 326 1840 Offic.
355 1805 430 1839 Lib.
448 1818 477 1851 3.
498 1817 568 1852 cap.
592 1806 787 1850 5·—-—·Illud
805 1815 916 1839 natura
939 1817 994 1839 non
1019 1806 1151 1849 patitur,
1178 1813 1210 1838 ut
1228 1804 1353 1837 aliorum
1371 1803 1474 1847 spoliis
1492 1802 1600 1844 nostras

160 1854 342 1898 facultates,
367 1854 476 1897 copias,
501 1862 567 1897 opes
584 1851 953 1896 augeamus.—-—Qod
980 1863 1060 1885 vero
1087 1850 1173 1897 apud
1192 1847 1347 1895 quasdam
1374 1859 1491 1892 gentes
1509 1847 1600 1882 furta

167 1902 277 1942 licita,
299 1910 399 1945 atque
418 1900 583 1945 impunita
601 1897 708 1941 fuere,
735 1898 838 1933 veluti
856 1898 945 1944 apud
960 1900 1114 1947 AEgyptios
1138 1900 1174 1932 δε
1188 1897 1427 1930 Lacedaemonios
1444 1894 1479 1928 id
1496 1895 1599 1928 ratio-

168 1960 245 1981 nem
264 1958 482 1980 communem
499 1958 565 1979 non
584 1956 718 1987 mutat3
745 1957 857 1992 neque
877 1958 918 1979 ex
935 1947 1045 1989 unius,
1071 1954 1128 1978 aut
1145 1944 1282 1978 alterius
1307 1942 1422 1995 populi
1440 1942 1601 1976 institutis

168 1994 211 2028 de
224 1994 299 2040 jure
317 2002 453 2036 natum,
479 1991 541 2027 five
557 1994 709 2036 gentium
727 1992 943 2037 judicandum
967 1992 1020 2026 est.
1077 1991 1143 2025 Sed
1161 2002 1221 2025 nec
1241 1989 1290 2024 illi
1307 1992 1381 2037 ipsi,
1408 2001 1491 2035 quos
1509 1988 1601 2022 dixi-

170 2053 255 2083 mus,
280 2043 415 2089 AEgyptii
440 2050 497 2074 aut
522 2040 738 2074 Lacedaemonii
757 2038 846 2074 furta
864 2038 1055 2086 [impliciter
1078 2037 1298 2085 permiserunt
1323 2047 1380 2071 aut
1403 2035 1601 2082 probarunt,

170 2097 330 2135 tanquam
351 2099 418 2121 rem
438 2086 607 2130 omnibus,
634 2091 668 2123 δε
689 2098 748 2133 per
766 2086 797 2121 se
823 2087 964 2121 licitam.
1017 2088 1143 2121 Verum
1167 2086 1373 2130 AEgyptiorum
1401 2083 1599 2126 Legissator,

169 2147 246 2168 cum
268 2134 474 2169 existimaret
492 2135 566 2169 fieri
586 2146 651 2168 non
679 2132 781 2180 posse,
806 2143 842 2167 ut
870 2145 986 2167 omnes
1013 2145 1030 2167 a
1058 2132 1151 2167 furto
1166 2132 1383 2172 abstinerent,
1408 2132 1493 2164 viam
1513 2141 1601 2175 quae-

170 2180 259 2223 sivit,
286 2192 350 2226 qua
375 2183 514 2216 Domini
540 2193 590 2216 res
620 2179 764 2215 sublatas
781 2180 902 2223 statim,
929 2184 964 2215 &
982 2179 1047 2214 fine
1066 2191 1188 2223 magno
1202 2178 1328 2212 damno
1352 2185 1598 2222 recuperarent.

170 2229 265 2262 Nam
281 2229 339 2273 qui
360 2226 458 2262 furtis
476 2240 614 2275 operam
634 2228 711 2262 dare
726 2227 861 2270 vellent,
885 2227 975 2274 juffit
992 2238 1111 2261 nomen
1139 2224 1232 2260 suum
1255 2224 1412 2272 profiteri
1439 2221 1529 2270 apud
1545 2220 1600 2256 fu·

172 2288 246 2309 rum
267 2275 463 2321 prinprcm,
488 2285 588 2321 atque
606 2274 647 2308 ad
674 2287 749 2309 eum
778 2287 827 2308 res
855 2273 1017 2322 surreptas
1034 2286 1052 2308 e
1068 2273 1207 2316 vestigio
1227 2271 1363 2313 referre,
1387 2278 1458 2316 qu'ae
1474 2267 1600 2303 deinde

172 2323 330 2357 Dominis
349 2323 395 2358 ita
413 2322 676 2365 restituerentur,
703 2332 739 2356 ut
764 2323 852 2369 prius
871 2322 1041 2355 taxatione
1056 2319 1156 2365 faeta,
1180 2330 1329 2367 quartam
1350 2326 1479 2366 partem
1499 2315 1600 2361 pretii

886 2371 912 2403 E
933 2381 952 2402 e
978 2381 1000 2405 2
1486 2373 1599 2401 earum
