2059 2812
377 160 442 209 18
765 153 1028 203 Elementa
1064 150 1212 217 Juris
1249 152 1418 206 Civilis

433 262 495 295 16.
516 256 777 294 PRAEToRVM
794 263 956 291 EmCTA
978 249 1068 300 (five
1086 265 1152 291 ivs
1172 257 1489 308 HONORARWM)
1507 253 1598 294 sunt
1616 254 1690 310 jus,
1709 256 1821 309 quod

378 324 589 368 Praetores,
620 318 740 358 aliive
760 317 803 357 id
831 329 953 370 genus
968 317 1221 372 Magistratus
1241 318 1535 372 proponebant,
1561 322 1823 374 permittente

377 376 531 424 scilicet
546 381 701 435 populo
714 383 786 436 Jus
803 380 936 422 Civile
955 392 1028 436 per
1053 395 1122 422 eos
1147 380 1343 436 adjuvari,
1371 381 1562 435 suppleri,
1589 383 1820 426 emendari:

378 461 461 487 non
478 446 573 489 tolli
591 457 656 486 aut
676 445 838 488 mutari.

379 556 436 591 Ast
451 556 521 603 jam
539 555 642 591 libera
658 555 848 603 Republica
868 554 983 604 saepius
1006 555 1089 590 hanc
1113 557 1239 599 Legem
1258 554 1450 602 migrabant
1470 556 1619 593 Tribuni
1639 557 1758 605 plebis,
1783 563 1820 596 &

378 605 574 651 quicunque
603 617 621 638 c
649 603 790 638 Civibus
820 604 860 638 ad
891 604 1052 650 majorem
1078 605 1268 650 potentiam
1294 603 1553 651 adspiraverant.
1607 607 1646 640 In
1678 606 1821 643 Milonis

377 651 498 685 odium
513 652 706 698 PompeiUS,
734 653 766 684 in
790 649 965 685 Ciceronis
982 650 1125 685 Clodius
1144 651 1250 686 multa
1276 652 1445 694 statuerat,
1472 665 1544 699 quae
1562 666 1580 687 a
1608 653 1737 698 legibus
1763 654 1821 689 ab·

378 698 578 741 horrebant,
606 710 748 745 quaeque
765 696 833 745 ipse
847 700 968 732 Cicero
987 710 1209 734 pawn-ton
1235 711 1332 734 vocat
1353 700 1386 734 in
1405 701 1502 734 Orat.
1516 714 1577 748 pro
1593 703 1702 736 Domo
1720 704 1747 744 §.
1768 714 1820 741 17.

374 747 488 780 Vetunt
502 746 601 790 Leges
614 748 760 786 Sacram,
785 747 896 780 [fetant
913 758 967 780 12.
989 748 1106 781 Tabula
1126 748 1225 791 Leges
1239 749 1370 792 privatis
1385 748 1549 783 hominibus
1564 751 1702 794 irrogari,
1729 752 1759 784 id
1782 750 1820 796 est

374 795 456 827 enim
469 794 546 828 PRI
554 793 801 828 lf'ILEGIl’M.
855 796 950 829 Nemo
965 806 1096 839 unquam
1108 795 1190 837 tulit,
1215 796 1292 829 nihil
1305 794 1343 837 eli
1357 796 1515 838 crudelius,
1526 798 1614 830 ⁸nihil
1624 798 1820 842 perniciofim,

373 842 460 883 nihil,
479 842 554 885 quod
572 843 669 875 minus
686 842 743 874 lm
760 842 869 876 civitas
883 841 967 885 ferre
991 841 1085 886 poffit.
1140 841 1366 887 Proscriptionis
1389 842 1590 888 miserrimum
1612 856 1716 879 nomen
1738 847 1820 887 illud,

373 886 412 922 &³
430 890 524 923 omnis
543 890 705 923 Acerbitas
719 890 841 922 Sullani
872 891 1023 933 temporis,
1055 890 1129 934 quid
1145 890 1246 933 habet,
1275 891 1352 935 quod
1369 888 1549 936 maximifit
1571 892 1680 937 infigne
1697 892 1737 926 ad
1757 905 1820 927 me-

372 938 502 970 marim
518 937 740 970 Crudelitatis3
770 939 895 980 Opinor,
905 947 1023 980 poenam
1038 937 1066 969 in
1082 937 1320 971 CivesRomanos
1338 939 1514 972 nominatim
1528 940 1628 974 SINE
1643 941 1819 975 IVDICIO

373 995 424 1017 con
449 985 574 1018 ituram.
628 985 724 1019 Hanc
745 985 799 1018 Vos
816 985 921 1028 igitur,
947 984 1113 1029 Pontifices,
1127 986 1244 1026 juditio
1267 994 1360 1030 atque
1375 987 1566 1021 Austoritate
1578 985 1673 1030 vestra*
1691 986 1724 1020 T
1718 989 1819 1022 ribuno

371 1032 471 1066 Plebis
482 1031 658 1077 potestatem
682 1031 800 1072 dabitis,
828 1042 860 1065 ut
875 1032 1054 1076 proscribere
1075 1034 1158 1077 possit
1183 1044 1254 1076 quos
1280 1034 1378 1066 velit?
1418 1032 1531 1079 Qaero
1558 1036 1650 1077 enim,
1674 1035 1770 1082 Qid
1778 1035 1820 1080 fit

371 1080 459 1112 aliud
471 1080 675 1122 proscribere?
702 1079 893 1113 l'ELITIS
914 1080 1146 1121 IVBEATIS,
1172 1080 1235 1114 VT
1255 1080 1441 1114 MARCVS
1465 1081 1662 1117 TVLLIVS
1683 1084 1738 1117 IN
1758 1084 1818 1117 CI·-

370 1127 549 1160 VITATE
577 1127 639 1160 NE
667 1124 753 1166 SIT,
780 1126 1001 1173 BONAQE
1027 1128 1134 1161 EIVS
1157 1126 1223 1161 VT
1242 1126 1352 1161 MEA
1378 1128 1514 1162 SINT?
1552 1130 1605 1162 Ita
1628 1130 1708 1164 enim
1725 1128 1817 1174 fecit,

369 1172 422 1216 etsi
438 1175 506 1206 aliis
527 1174 618 1207 verbu
635 1176 720 1207 tulit.
773 1174 845 1206 Hoc
863 1175 1054 1216 Plebiscitum
1079 1173 1140 1216 est?
1179 1174 1255 1206 Haec
1269 1175 1364 1206 Lex?
1404 1174 1480 1207 Haec
1497 1175 1624 1217 Rogatio
1639 1176 1677 1219 est
1694 1180 1707 1208 ἓ
1745 1177 1818 1210 Hoc

369 1231 419 1254 vos
443 1221 514 1263 pati
526 1219 673 1262 potestis?
706 1221 777 1254 Hoc
797 1220 881 1263 ferre
907 1221 1038 1261 Civitas,
1064 1228 1097 1253 ut
1114 1219 1225 1265 finguti
1243 1221 1332 1254 Cives
1350 1218 1477 1265 singulis
1501 1220 1625 1264 versibus
1649 1234 1664 1255 e
1689 1223 1817 1258 civitate

369 1268 516 1300 tollantur
529 1269 541 1300 ἒ

416 1313 470 1348 Ast
487 1312 640 1347 solebant
659 1316 695 1347 ὃ(
712 1313 882 1346 Beneficia
908 1310 959 1346 vel
984 1322 1080 1345 certo
1108 1310 1218 1354 statui,
1243 1311 1296 1347 vel
1320 1311 1499 1347 hominurn
1522 1315 1638 1357 generi
1664 1315 1817 1351 concessa

370 1372 592 1396 Palvnsscm
611 1360 733 1393 vocari.
786 1359 897 1393 Utilia
917 1359 1177 1403 Privilegiorum
1200 1357 1353 1405 exempla
1381 1358 1456 1394 sunt
1481 1362 1612 1404 rogatio
1634 1360 1676 1395 de
1700 1363 1815 1399 reditu

368 1407 425 1441 M.
442 1407 534 1441 Tullii
549 1423 559 1447 ;
588 1407 657 1440 Lex
673 1406 817 1440 Manilia
831 1406 875 1441 de
894 1407 1041 1452 imperio
1059 1409 1115 1440 Cn.
1134 1407 1264 1451 Pompeii
1282 1407 1410 1451 Magni.
1465 1408 1519 1442 Est
1538 1412 1575 1443 &
1595 1409 1813 1455 privilegium

366 1455 442 1489 Lex
459 1453 516 1488 illa
534 1466 634 1500 quarn
651 1455 687 1488 T.
695 1455 832 1498 Ampius,
861 1457 894 1489 δε
909 1451 951 1488 T.
966 1453 1120 1488 Labienus
1135 1453 1281 1487 Tribuni
1298 1454 1404 1501 plebis
1424 1455 1588 1498 tulerunt,
1611 1466 1648 1491 ut
1661 1459 1716 1492 Cn.
1726 1461 1814 1494 Pom-

362 1503 449 1547 peius
460 1503 559 1538 Vmor
577 1514 614 1535 ex
625 1501 697 1547 Afia
712 1503 787 1536 ludis
804 1501 986 1547 Circenfibus
1001 1513 1104 1535 corona
1122 1513 1215 1536 aurea
1234 1500 1271 1537 (θ’
1284 1504 1363 1536 omni
1379 1504 1463 1537 cultu
1478 1505 1727 1548 triumphantium
1744 1516 1813 1541 ute-

366 1558 476 1590 retur3
503 1551 632 1585 Scenicis
651 1558 754 1583 autem
772 1549 938 1592 Praetexta,
960 1551 1134 1594 Coronaque
1152 1561 1256 1583 aurea.
1285 1548 1372 1582 Vell.
1387 1549 1555 1585 Patercul.
1573 1550 1648 1585 Lib.
1663 1564 1694 1585 2.
1709 1565 1739 1586 c.
1756 1565 1810 1598 40.

366 1597 476 1640 Leges
491 1596 539 1630 hae
556 1595 744 1641 personales
761 1595 925 1631 dicuntur
940 1608 1178 1639 PRIVILEG1A‚
1198 1608 1239 1630 eo
1252 1595 1344 1642 quod
1359 1607 1489 1632 veteres
1505 1610 1618 1633 PRIVA
1634 1597 1811 1644 dixerunt,

368 1656 444 1691 quae
459 1656 521 1678 nos
537 1642 663 1688 singula
679 1643 836 1679 dicimus.
890 1645 943 1679 Sic
957 1643 1010 1690 (ut
1024 1642 1204 1687 legendum
1223 1644 1288 1678 esse
1302 1643 1508 1680 demonstrat
1518 1644 1706 1694 Bentleius)
1723 1650 1809 1682 Hor.

365 1693 440 1726 Art.
454 1693 551 1727 Poet.
569 1703 598 1725 v.
616 1696 671 1727 60.
728 1691 739 1701 “

703 1743 756 1775 ‘Ut
764 1737 938 1786 filvisfolia
958 1740 1034 1774 PRI
1041 1738 1127 1773 VOS
1144 1748 1301 1774 mutantur
1316 1741 1348 1774 in
1365 1752 1470 1776 annos.

365 1810 492 1852 Legem
507 1808 550 1844 de
565 1807 757 1853 privilegiis
776 1809 810 1842 in
831 1820 903 1844 x11.
922 1808 1063 1844 Tabulis
1080 1811 1298 1844 Decemviros
1312 1822 1330 1844 a
1345 1811 1471 1845 Graecis
1491 1810 1655 1857 accepiffe
1669 1811 1805 1847 constat.

366 1858 441 1891 Hac
455 1858 546 1892 enim
564 1856 606 1891 de
622 1868 656 1890 re
666 1856 799 1890 Solonis
812 1856 887 1901 lege
904 1867 1040 1892 cautum
1053 1857 1111 1899 est,
1137 1863 1245 1890 ΜΗΔΕ
1270 1858 1327 1888 En‘
1343 1863 1458 1891 ΛΝΔΡΙ
1485 1865 1629 1892 NOMON
1654 1865 1807 1893 ΕΞΕιΝΑι

365 1910 523 1939 ΘΕῙΝΑῙ,
559 1910 634 1936 EAN
666 1910 723 1936 ΜΗ
749 1909 831 1937 TON
855 1911 987 1938 ΑΥΤΟΝ
1015 1911 1077 1937 Em
1109 1910 1233 1939 ΠΑΣῙΝ
1258 1911 1498 1947 ΑΘΗΝΑῙΟῙΣ,
1530 1911 1605 1940 ΕΑΝ
1631 1913 1688 1940 ΜΗ
1723 1913 1808 1940 ΕΞΑ-

364 1957 579 1984 ΚῙΣΧΙΛῙΟΙΣ
599 1958 702 1986 ΔΟΞΗ
726 1957 897 1985 ΚΡΥΒΔΗΝ
920 1958 1227 1987 ΨΗΦΙΖΟΜΕΝΟῙΣ.

414 2011 620 2035 PRffiTonvM
649 1999 793 2046 EDICTA]
829 2001 913 2034 Sunt
932 2000 1051 2035 Erdiera
1069 2000 1155 2035 nihil
1173 2000 1267 2036 aliud
1285 2012 1384 2047 quam
1409 1999 1514 2044 leges,
1538 2013 1619 2046 quas
1637 2001 1669 2035 in
1683 2001 1806 2038 Tabella

366 2048 509 2081 dealbata
524 2047 684 2081 Praetores
705 2047 805 2080 initio
828 2048 1043 2092 Magistratus
1059 2048 1316 2096 proposuerunt,
1332 2050 1366 2083 in
1384 2048 1506 2096 quibus
1519 2047 1742 2083 admonebant
1757 2052 1806 2084 ci-

366 2106 434 2137 veS,
461 2093 637 2141 quomodo
655 2093 699 2128 de
716 2093 852 2138 singulis
867 2095 1111 2131 controversus
1125 2097 1178 2143 jus
1196 2096 1321 2131 dietari
1338 2096 1443 2131 essent
1458 2096 1494 2130 in
1516 2094 1573 2130 suo
1590 2097 1801 2140 Magistratu.

365 2141 451 2186 Qae
466 2153 540 2176 cum
560 2142 705 2176 Praetura
726 2140 980 2187 evanescebant,
1006 2143 1153 2190 ideoque
1169 2156 1278 2178 annua
1296 2154 1391 2178 erant
1406 2160 1416 2185 ;
1452 2155 1554 2191 quare
1568 2143 1642 2178 Cic.
1658 2145 1691 2178 in
1702 2145 1801 2180 Verr.

365 2189 525 2224 Edietum
539 2201 692 2225 ANNVAM
714 2199 813 2224 vocat
831 2186 952 2235 legem.
1006 2192 1113 2225 Initio
1127 2189 1202 2225 sane
1229 2191 1352 2226 licebat
1369 2192 1509 2226 Praetori
1530 2190 1741 2238 propositum
1758 2195 1805 2227 E-

365 2235 493 2270 dietum
520 2249 539 2271 e
564 2249 600 2271 re
618 2236 692 2271 nata
711 2247 855 2281 mutare,
879 2237 1113 2285 diversumque
1134 2237 1174 2272 ab
1200 2239 1308 2286 eojus
1335 2239 1547 2280 constituere,
1576 2239 1712 2286 quando
1729 2238 1805 2275 usus

364 2282 530 2329 posceret,
556 2283 648 2330 quod
662 2284 778 2319 multis
798 2283 974 2321 fraudibus
999 2284 1167 2332 pandebat
1181 2287 1280 2322 viam.
1330 2285 1510 2333 Siquidem
1528 2288 1702 2329 Praetores,
1728 2287 1803 2321 alii-

364 2342 431 2377 que
446 2331 660 2375 Magistratus
682 2341 740 2366 aut
762 2334 934 2380 propriam
959 2332 1182 2380 cupiditatem
1203 2332 1399 2382 explebant,
1424 2343 1481 2368 aut
1502 2333 1644 2369 alienam
1661 2333 1803 2378 collige-

364 2376 442 2412 bant
461 2379 640 2414 ambitiose
665 2380 823 2426 gratiam,
849 2380 931 2417 dum
949 2380 991 2416 ad
1009 2380 1227 2427 beneficium,
1252 2381 1304 2417 vel
1327 2382 1487 2429 injuriam
1501 2383 1614 2430 priora
1627 2391 1801 2464 ωιὲῑέςιεὶηε

1720 2440 1751 2465 lu
1768 2441 1799 2474 a,
