2059 2812
634 151 746 205 Lib.
783 151 871 205 W
939 151 1037 205 Tit.
1076 151 1220 206 Vm.
1512 120 1515 121 f
1552 170 1652 221 259

725 255 771 303 T
808 270 830 305 Ι
870 270 921 305 Τ.
995 256 1138 305 VIII.

567 350 649 403 De
677 351 956 405 Noxalibus
979 355 1285 406 AchonibuS.

268 473 301 500 1.
334 458 523 501 Actiones
546 458 753 512 superiore
772 458 894 499 titulo
915 460 1119 514 explicatae
1141 458 1189 500 ad
1202 449 1407 499 'contraeas
1423 472 1507 499 cum
1528 458 1649 499 servis

207 521 273 561 vel
295 520 556 562 filiisfamilias
582 521 704 561 initos
723 521 944 573 pertinent.
1000 524 1060 562 Ex
1079 522 1204 563 demo
1228 522 1291 561 vel
1312 521 1411 575 quasi
1434 521 1557 561 deliilo
1576 521 1648 561 filii

208 585 272 624 vel
287 585 416 634 Servi,
442 598 514 624 nec
533 595 647 638 pater
665 584 872 639 obligatur
886 599 958 628 nec
973 587 1196 638 Dominus,·
1225 594 1385 639 poterat
1401 595 1530 625 tamen
1550 585 1649 623 olim

208 657 393 701 uterque,
422 654 457 689 ὃ(
482 650 569 703 jure
596 662 704 688 novo
730 648 867 688 saltem
887 650 1088 690 Dominus
1106 664 1154 690 ex
1173 649 1378 689 servorum
1397 647 1553 688 delictis
1564 648 1648 700 pri-

207 714 311 753 vatis
334 713 542 754 conveniri
566 713 762 753 noxaliter.
820 712 889 752 Ob
901 711 1048 766 publica
1067 714 1172 753 enim
1193 712 1274 765 ipse
1293 712 1424 752 servus
1441 711 1648 765 plectitur,

208 792 338 831 neque
356 776 554 816 Dominus
573 776 782 816 offerendo
802 777 1103 818 aestimationem
1122 776 1254 817 damni
1274 791 1296 817 a
1314 776 1428 817 servo
1447 775 1530 816 dati
1548 777 1648 830 pub·-

209 841 293 882 licae
313 840 532 893 disciplinae
551 841 732 895 vigorem
752 839 880 879 fistere
906 842 1048 893 potest.

265 919 302 943 2.
339 903 469 943 Noxia
497 901 646 943 dicitur
677 903 847 944 damnum
877 918 1079 959 quocunque
1113 904 1266 958 privato
1292 903 1397 958 servi
1429 902 1555 944 deliblo
1586 903 1650 944 vel

208 969 308 1024 quast
326 968 448 1009 delfflo
469 968 607 1010 datum.
664 968 797 1022 Ipsum
816 982 974 1021 corpus,
1002 969 1111 1024 qnod
1138 969 1294 1019 nocuit,
1329 967 1372 1007 id
1397 969 1466 1018 est,
1494 971 1652 1015 Servus,

343 1077 505 1143 JUS
537 1076 1165 1130 ANGLICANUM.
1195 1079 1506 1130 adTit.V11.

256 1177 312 1212 Illi
331 1178 560 1211 Servientium
581 1177 765 1211 nostrorum
785 1178 989 1221 contractus,
1016 1189 1101 1223 quos
1120 1178 1229 1212 nostro
1250 1178 1339 1225 juffu
1356 1179 1488 1219 ineunt,
1515 1189 1575 1212 nos
1588 1176 1648 1212 ob-

208 1225 324 1267 ligant.
379 1224 414 1257 Si
439 1225 527 1257 enirn
557 1223 718 1258 famulum
737 1222 845 1257 fundo
873 1237 949 1259 meo
969 1224 1163 1270 praeficiam,
1190 1229 1226 1260 &
1246 1225 1445 1272 potestatem
1471 1225 1503 1258 ei
1528 1236 1648 1258 conce-

207 1271 283 1305 dam
304 1269 490 1318 recipiendi
506 1271 658 1317 jumenta
676 1271 727 1305 vel
743 1283 864 1318 pecora
883 1271 924 1305 ad
942 1271 1066 1318 pastum
1087 1284 1148 1318 pro
1167 1283 1262 1306 certo
1276 1274 1402 1318 preti0‚
1429 1270 1514 1306 male
1529 1280 1647 1306 contra

208 1332 286 1354 eum
304 1330 368 1362 ago
383 1317 427 1351 de
443 1317 703 1363 transgressione,
730 1318 782 1352 vel
800 1319 1057 1353 conculcatione
1072 1318 1248 1353 herbarum
1267 1331 1431 1361 mearum,
1451 1319 1510 1365 qui
1527 1330 1569 1353 ex
1587 1318 1648 1354 tali

208 1368 306 1414 patio
330 1367 482 1411 jumenta
501 1367 548 1399 vcl
569 1377 690 1413 pecora
711 1363 765 1400 sua
780 1367 813 1399 in
828 1366 921 1400 illum
942 1365 1083 1400 fundum
1102 1365 1265 1410 adegerit.

254 1412 318 1447 Sed
344 1411 365 1446 si
386 1410 530 1446 famulus
547 1424 641 1447 meus
659 1425 736 1446 meo
754 1415 893 1447 nomine
910 1414 1087 1460 pecuniam
1107 1424 1259 1448 mutuam
1277 1414 1457 1460 acceperit,
1481 1423 1546 1457 ego
1570 1412 1651 1447 inde

207 1472 277 1495 non
295 1469 424 1501 teneor,
452 1459 510 1493 nisi
529 1461 672 1508 pecunia
689 1461 772 1494 meis
791 1459 912 1503 ufibus,
938 1459 1043 1507 idque
1060 1472 1138 1495 meo
1160 1460 1323 1496 consensu
1342 1460 1512 1508 applicata
1531 1458 1646 1496 fuerit.

207 1506 313 1553 Qod
330 1507 430 1540 etiam
449 1507 482 1540 in
502 1518 707 1552 quocunque
724 1508 898 1542 contractu
915 1519 1029 1542 verum
1045 1507 1099 1542 est.

256 1555 312 1588 Sin
333 1552 494 1587 famulum
512 1553 553 1587 ad
572 1554 761 1599 emporium
784 1553 926 1601 aliquod
945 1553 1100 1589 missurus
1114 1552 1239 1601 juffeto
1257 1566 1308 1589 res
1329 1563 1436 1589 certas
1455 1566 1517 1600 pro
1541 1565 1593 1588 me
1611 1563 1650 1589 ut

208 1612 310 1643 emat,
337 1612 397 1634 nec
415 1599 584 1643 designem
601 1600 748 1646 aliquem
767 1613 785 1635 a
807 1612 876 1648 quo
896 1599 967 1635 illas
987 1611 1115 1647 emptas
1131 1599 1197 1635 effe
1215 1601 1328 1643 velim,
1355 1613 1418 1645 ego
1438 1600 1577 1647 quidem
1595 1600 1648 1635 illi

207 1659 337 1689 teneor,
362 1660 381 1681 a
401 1659 469 1694 quo
486 1659 539 1681 eas
558 1658 634 1681 meo
653 1648 788 1681 nomine
812 1649 908 1682 emit.
961 1646 1024 1682 Sed
1055 1646 1078 1683 fi
1108 1646 1166 1683 suo
1183 1650 1332 1691 nomine,
1358 1647 1451 1683 null&
1469 1649 1537 1682 mei
1556 1659 1648 1683 men-

207 1698 301 1731 tione
317 1693 403 1730 fa&a
417 1695 548 1737 emerit,
575 1693 664 1730 secus
682 1692 712 1728 se
730 1707 780 1729 res
796 1693 909 1738 habet,
935 1693 995 1728 nifi
1013 1706 1062 1728 tes
1078 1704 1198 1742 emptae
1223 1695 1265 1730 ad
1284 1707 1375 1730 meos
1401 1693 1474 1730 usus
1490 1707 1647 1743 pervene-

207 1753 289 1778 rint.

255 1792 289 1824 Si
309 1801 447 1836 quoque
472 1787 634 1823 famulum
651 1787 693 1823 ad
714 1789 904 1837 emporium
932 1786 1064 1831 misero,
1089 1798 1127 1824 ut
1144 1799 1214 1823 rem
1241 1801 1351 1824 meam
1370 1800 1471 1835 quam
1488 1790 1566 1824 novi
1583 1788 1649 1824 effe

208 1837 361 1872 vitiosam
377 1839 476 1872 Titio
494 1835 617 1870 vendat
635 1848 641 1869 :
677 1848 740 1879 ego
762 1849 804 1871 ex
826 1835 887 1871 tali
905 1835 1102 1871 venditione
1119 1845 1246 1871 teneor.
1298 1838 1355 1871 Sin
1374 1846 1411 1871 ut
1428 1836 1552 1871 vendat
1572 1835 1647 1871 fim-

209 1885 356 1932 pliciter‚
382 1885 435 1918 cui
455 1885 594 1930 poterit,
623 1883 700 1917 hinc
719 1885 807 1918 actio
829 1885 862 1917 in
882 1897 936 1918 me
955 1895 1020 1917 non
1038 1885 1215 1932 competit.

256 1933 291 1967 Si
311 1943 395 1965 uxor
417 1932 451 1964 in
467 1929 543 1964 foro
562 1929 699 1977 publico
716 1930 801 1978 quid
816 1940 907 1965 emat
925 1929 966 1965 ab
980 1942 1035 1974 e0,
1056 1933 1115 1978 qui
1132 1930 1176 1965 de
1194 1932 1305 1977 pretio
1322 1931 1392 1976 ejus
1410 1928 1513 1965 fidem
1528 1929 1647 1978 sequa-

207 1989 289 2021 tur3
317 1981 455 2013 maritus
476 1978 556 2012 inde
584 1990 650 2012 non
670 1988 816 2021 tenetur,
841 1977 901 2013 nisi
920 1977 1014 2027 quod
1039 1988 1191 2026 emptum
1218 1979 1264 2014 est
1292 1977 1335 2013 ad
1363 1977 1454 2013 illius
1475 1976 1549 2012 usus
1566 1990 1647 2013 con-

206 2035 366 2061 vertatur.

255 2073 319 2108 Sed
346 2074 399 2120 jus
421 2072 626 2119 quandoque
656 2071 827 2119 praesumit
856 2073 998 2107 Domini
1023 2072 1230 2116 consensum,
1256 2071 1338 2107 licet
1369 2072 1555 2119 specialiter
1581 2084 1647 2107 non

208 2120 406 2168 expressum,
433 2119 604 2154 servientis
621 2122 808 2155 contractui
834 2119 1070 2163 interveniffe;
1111 2131 1232 2167 utpote
1249 2121 1283 2154 in
1301 2121 1354 2162 iis,
1381 2131 1465 2166 quos
1482 2130 1647 2154 mercato-

208 2179 259 2202 res
276 2168 418 2202 officinis
437 2167 490 2202 vel
510 2166 657 2202 tabernis
673 2166 736 2202 suis
755 2167 846 2215 quasi
873 2167 1045 2203 Institores
1075 2169 1277 2215 praeficiunt.
1328 2169 1423 2202 Nam
1449 2166 1647 2214 quotidiana

206 2217 349 2249 Domini
381 2214 553 2262 praesentia
583 2214 722 2250 scientia
751 2226 855 2263 atque
885 2216 1048 2264 patientia
1080 2216 1149 2263 ejus
1179 2213 1375 2249 consensum
1395 2214 1472 2250 satis
1490 2222 1647 2257 arguunt,

209 2261 273 2296 five
299 2274 435 2307 uxores,
470 2261 534 2298 sive
564 2261 676 2308 liberi,
702 2261 766 2299 five
792 2264 894 2297 etiam
923 2263 979 2298 alii
1009 2263 1184 2298 domestici
1211 2261 1300 2306 sunt,
1325 2264 1384 2310 qui
1417 2272 1545 2297 merces
1574 2260 1645 2295 suas

208 2308 405 2345 distrahunt.

925 2400 963 2437 K
992 2395 1019 2436 k
1048 2411 1070 2434 2
1550 2407 1648 2436 noxa
