2059 2812
613 138 723 191 Lib.
755 138 863 190 IVZ'
922 135 1020 190 Trt.
1053 135 1144 189 IV.
1503 154 1598 204 231

237 258 270 293 3,
297 244 509 296 Qumque
538 238 719 290 &major
743 244 778 278 ὅ(
795 236 928 276 minor
955 234 1069 288 poffit
1089 234 1235 276 inferri
1264 234 1517 283 contumelia,
1546 238 1605 276 in-

178 307 279 362 juria
297 304 337 343 in
354 301 558 356 Simplicem
580 299 654 341 five
669 300 799 347 levem,
818 304 853 340 &
869 302 1059 339 Atrocem
1078 296 1291 338 dividitur.
1347 296 1416 337 Illa
1428 297 1488 346 fit,
1516 311 1607 338 cum

179 368 264 420 quis
283 365 441 412 leviter,
468 368 501 404 ὅ(
518 362 596 402 levi
615 375 662 402 ex
679 362 790 402 causa
811 361 859 399 ab
879 360 1015 411 aliquo
1034 359 1224 412 injuriose,
1241 359 1420 412 pulsatur
1437 377 1445 398 :
1476 360 1556 401 imo
1573 367 1608 404 &

178 443 264 470 cum
286 429 389 468 filius
406 442 427 467 a
447 431 574 481 patre,
602 441 624 466 a
644 430 818 466 Patrono
832 424 1034 468 Libertus,
1062 419 1125 459 vel
1144 420 1243 459 alius
1267 434 1290 459 a
1311 420 1508 473 superiori
1536 421 1608 463 suo

178 491 272 539 levi,
299 489 459 529 nullave
477 503 523 528 ex
543 488 656 529 causa
681 487 860 536 caeditur,
886 482 1408 535 corripiturque—Atrox
1428 498 1525 526 vero
1549 487 1610 526 in-

175 554 277 608 juria
301 551 624 593 contumeliofior
652 556 687 593 ὅ(
714 549 839 602 major
864 547 1091 594 aestimatur,
1119 551 1153 586 ὃ(
1177 544 1221 584 fit
1247 544 1518 597 multifariam,
1547 552 1610 592 vel

178 628 226 653 ex
234 613 334 666 fafflo
353 624 469 667 atque
495 613 626 662 armis,
653 613 795 666 quibus
814 609 1001 657 infertur,
1029 618 1075 646 ut
1089 605 1115 648 fi
1137 607 1275 646 vulnus
1296 607 1412 647 alicui
1440 607 1611 661 illatum,

179 677 244 718 vel
262 691 306 717 os
324 678 544 730 percuffum
563 676 621 725 fit,
649 675 765 728 idque
783 672 918 729 gladio
938 681 1005 712 aut
1019 670 1121 711 fuste
1136 670 1298 721 5—-vel
1325 684 1373 710 ex
1391 673 1545 725 persona
1564 684 1609 714 ut

178 739 204 779 fi
231 739 487 791 magistratus,
514 741 645 785 Pater,
674 739 881 781 Patronus,
909 733 982 775 Vir
1011 730 1160 771 nobilis
1191 729 1373 783 injuriam
1406 733 1610 787 patiatur3

180 799 328 838 ——vel
353 813 400 838 ex
425 799 510 847 loco,
538 809 581 837 ut
607 796 634 836 fi
661 797 746 849 quis
776 795 819 834 in
846 794 955 842 foro,
983 791 1179 839 Theano,
1208 800 1276 830 aut
1302 791 1491 846 Judicum
1515 809 1612 835 con-

179 863 312 914 speecu
331 863 457 916 paffus
478 862 600 902 fuerit
628 859 813 914 injuriam
830 856 996 909 3———vel
1027 871 1074 896 ex
1102 856 1195 895 loco
1224 855 1409 907 vulneris,
1440 857 1566 898 veluti
1584 858 1611 899 fi

179 923 221 962 in
247 923 384 970 oculo,
413 924 474 963 vel
493 922 591 963 facie
619 922 705 975 quis
731 918 927 974 percuffus
946 917 1085 957 fuerit.

234 999 272 1034 4.
304 985 460 1026 Patitur
476 984 562 1037 quis
589 983 772 1036 injuriam
791 995 874 1020 non
902 980 1029 1021 solum
1057 992 1129 1031 per
1148 977 1413 1031 semetipsum,
1441 979 1517 1021 hoc
1542 982 1611 1030 est,

179 1061 268 1088 cum
286 1046 443 1087 diredlo
468 1044 536 1100 ipsi
554 1043 844 1097 patrifamiliaS,
870 1042 933 1083 vel
953 1039 1243 1081 matrifamilias
1265 1041 1310 1080 fit
1338 1040 1484 1094 injuria
1502 1062 1514 1093 3
1545 1057 1612 1084 ve-

179 1120 267 1148 rum
294 1109 413 1150 etiam
432 1121 504 1159 per
532 1105 626 1147 alias
644 1104 840 1158 personas,
868 1119 957 1144 cum
972 1103 1122 1144 scilicet
1145 1115 1216 1156 per
1233 1101 1533 1155 consequentias
1552 1106 1612 1145 in-

179 1173 280 1227 juria
300 1173 343 1212 fit
363 1171 438 1219 his,
469 1184 568 1224 quos
592 1169 634 1209 in
664 1169 857 1222 potestate
886 1168 972 1220 quis
1003 1166 1136 1216 habet,
1165 1166 1293 1208 veluti
1320 1166 1472 1216 liberis,
1515 1169 1612 1210 item

181 1280 332 1325 Qintil.
350 1278 425 1314 Lib.
445 1290 496 1312 10.
518 1289 596 1312 c.1.⁷
643 1276 886 1325 ANTIQA
911 1276 1059 1310 Comoedia
1084 1287 1152 1309 cum
1172 1274 1318 1319 sinceram
1347 1275 1430 1310 illam
1461 1278 1611 1312 Sermonis

180 1329 282 1363 Attici
301 1328 438 1372 gratiam
462 1335 548 1370 prope
566 1325 631 1370 sola
646 1326 766 1365 retinet,
791 1333 853 1358 tum
874 1322 1088 1368 facundissime.
1112 1323 1276 1364 libertatis,
1302 1322 1351 1368 etfi
1380 1324 1410 1355 in
1432 1322 1609 1367 infestandis

182 1377 265 1411 vitiis
284 1375 441 1418 precipua,
463 1374 627 1416 plurimum
650 1382 751 1406 tamen
767 1373 875 1406 virium
889 1371 920 1403 in
934 1372 1045 1404 ceteris
1058 1369 1194 1414 partibus
1212 1369 1311 1403 habet.
1365 1370 1447 1404 Nam
1463 1368 1606 1415 &gran-

181 1424 236 1464 du‚
262 1419 300 1455 &³
324 1423 442 1465 elegans
468 1418 504 1454 ά
531 1418 661 1465 venusta,
687 1416 724 1453 ὠ*
748 1417 841 1462 nescio
869 1429 908 1450 an
928 1417 1000 1458 ulla,
1036 1415 1094 1462 post
1122 1416 1291 1450 Homerum
1324 1425 1435 1458 tamen,
1460 1429 1548 1461 quem
1577 1428 1611 1452 ut

181 1469 329 1504 Achillem
338 1467 453 1511 semper
468 1467 565 1509 excipi
579 1475 636 1509 par
652 1465 701 1511 est,
726 1473 782 1499 aut
786 1464 910 1509 similior
917 1463 958 1509 fit
971 1463 1158 1505 Oratoribus,
1186 1473 1240 1497 aur
1256 1463 1296 1496 ad
1309 1471 1439 1496 oratores
1449 1464 1610 1508 faciendos

181 1517 288 1561 aptior.
339 1516 444 1549 Plures
465 1514 528 1554 ejus
547 1514 712 1553 Auderem
740 1510 982 1557 Aristophanes
1011 1519 1125 1552 tamen,
1151 1509 1189 1544 Θ
1212 1508 1363 1555 Eupolis,
1388 1510 1611 1559 Cratinusque

201 1573 265 1598 νισι
286 1573 328 1595 ut.

177 1573 199 1608 p
231 1572 323 1651 nge
350 1604 487 1652 quidem
515 1615 648 1639 cautum
678 1604 722 1639 est
747 1603 835 1651 apud
852 1601 1078 1644 Athenienses,
1103 1614 1145 1637 ne
1162 1602 1237 1648 quis
1252 1603 1527 1649 Areopagitarum
1541 1604 1611 1638 Co-

183 1654 346 1691 moediam
364 1651 535 1689 scriberet.

511 1713 623 1748 Mnst'ra
647 1713 728 1746 ποιεῖν
745 1712 891 1753 ’κωμωὲὶάι
916 1711 1111 1754 ’Maeandrum

184 1786 220 1820 Si
247 1783 451 1818 comoediam
481 1791 590 1816 autem
619 1779 763 1815 scribere
791 1778 966 1824 indignum
996 1779 1101 1814 visum
1129 1779 1404 1824 Areopagitarum
1435 1779 1610 1823 gravitate,

185 1841 312 1878 quanto
327 1832 431 1874 magis
450 1831 568 1864 mimos
582 1839 692 1872 agere,
716 1826 909 1861 senatoriam
927 1828 1137 1870 Dignitatem
1160 1824 1340 1860 dedecebit
1356 1829 1369 1859 ?
1403 1825 1526 1872 Itaque
1542 1838 1612 1860 rne-

184 1881 253 1912 ritb
271 1889 348 1912 cum
364 1879 397 1911 in
411 1877 574 1911 Patricios
589 1874 717 1909 scenica
743 1873 851 1908 officia
877 1875 1069 1918 trafiantes,
1094 1884 1167 1907 turn
1184 1874 1216 1907 in
1235 1872 1397 1919 populum
1415 1872 1455 1906 iis
1474 1872 1611 1919 applau-

184 1925 322 1960 dentem
346 1924 515 1960 invehitur
532 1920 702 1969 Juvenalis
716 1921 785 1955 Sat.
803 1922 833 1955 8.
851 1933 882 1954 v.
901 1921 976 1966 185.

516 1990 698 2037 Consumptis
715 1990 811 2035 opibus
830 2001 940 2032 vocem,
968 1990 1158 2035 Damasippe,
1184 1988 1283 2033 locasti

519 2039 645 2083 Sipario‚
671 2037 826 2082 clamosum
844 2048 946 2080 ageres
962 2046 995 2070 ut
1010 2036 1134 2081 phasma
1151 2037 1274 2071 Catulli.

515 2086 699 2121 Laureolum
718 2085 807 2119 Velox
823 2086 916 2117 etiam
934 2084 1003 2116 bene
1020 2084 1167 2118 Lentulus
1183 2085 1256 2127 egit,

508 2131 626 2178 Judice
644 2142 703 2174 me,
728 2131 835 2175 dignus
853 2142 924 2165 vera
941 2142 1035 2166 cruce.
1086 2132 1150 2165 Nec
1167 2140 1269 2164 tamen
1286 2129 1335 2174 ipfi

515 2178 649 2223 Ignoscas
665 2180 768 2222 populo
779 2193 788 2211 .-
812 2179 911 2222 populi
922 2176 1005 2220 frons
1021 2178 1120 2211 durior
1135 2180 1235 2219 hujus,

517 2226 592 2273 Qi
600 2225 699 2267 sedet,
725 2223 762 2259 ῥ’
770 2226 884 2270 spectat
899 2224 1054 2268 triscurria
1071 2226 1280 2260 Patriciorum.

517 2272 695 2316 Planipedes
711 2274 799 2306 audit
821 2272 933 2314 Fabios,
962 2272 1058 2307 ridere
1074 2271 1163 2318 potest
1186 2273 1237 2318 qui

520 2319 748 2355 Mamercorum
764 2321 886 2366 alapas.

1480 2359 1613 2412 uxori,
