2059 2812
413 157 517 204 214
810 136 1075 188 Elementa
1105 133 1253 202 Juris
1287 135 1458 190 Civilis

412 237 569 285 supplicii
588 235 793 272 confirmare
811 234 918 281 poffit,
942 247 1058 270 verum
1084 238 1220 271 mitiora
1247 238 1374 280 omnia,
1399 241 1436 274 δε
1455 237 1652 273 humaniora
1669 238 1781 286 paffim
1807 237 1856 277 le-

413 295 552 329 guntur.
603 286 698 318 Nam
716 293 792 316 cum
810 283 846 316 in
862 293 903 316 eo
918 284 1079 329 temporis
1098 285 1268 318 curriculo
1282 284 1506 320 obaeratorum
1521 288 1741 333 querimoniis
1759 286 1855 334 plena

410 332 450 366 fit
474 334 709 366 Romanorum
729 329 878 373 historia,
903 342 980 365 cum
1006 331 1225 375 Ergastulum,
1250 333 1467 375 Servitutem,
1492 334 1679 377 cicatrices,
1704 335 1856 378 verbera,

410 391 529 414 nervos
546 382 583 412 &
599 376 784 424 compedes
800 377 927 424 ubique
943 378 1169 413 lamententur
1184 395 1195 420 ;
1220 391 1366 414 mortem
1380 391 1459 414 vero
1475 385 1510 415 &
1526 381 1755 416 carnificinam
1773 395 1857 416 nun-

409 438 537 472 quam3
564 438 636 469 cur,
663 426 817 472 inquam,
844 424 884 466 ab
908 427 1041 460 irritata
1059 425 1157 472 plebe
1178 425 1378 461 diffirnulata
1404 436 1475 461 erat
1493 428 1550 461 ista
1577 428 1721 471 laniena,
1748 429 1769 464 fi
1797 442 1858 464 un-

409 486 510 520 quam
543 471 648 507 fucrit
675 481 898 520 exprompta,
936 483 994 507 aut
1019 485 1089 520 quo
1110 485 1169 507 ore
1191 473 1233 508 de
1256 473 1439 509 levioribus
1466 473 1638 522 suppliciis
1667 488 1857 524 conquere-

408 532 537 564 rentur,
566 522 626 567 qui
642 519 832 564 graviffiina
850 522 967 554 omnia
981 520 1058 564 lege
1071 520 1179 556 subire
1193 531 1364 570 poterant.

461 600 634 644 Abrogata
668 599 714 633 est
748 597 899 641 tandem,
934 599 1042 646 qualis
1070 598 1207 635 demum
1237 599 1352 644 fuerit,
1390 603 1422 636 X
1448 601 1595 637 virorum
1620 602 1784 638 severitas
1814 604 1854 638 C.

411 650 542 685 Poetelio
557 649 673 682 Libone
690 645 785 690 Vifhlo
802 645 839 680 c&
861 648 903 681 L.
922 648 1044 692 Papirio
1059 648 1223 692 Mugilano
1250 647 1341 683 Coss.
1394 651 1444 682 Eo
1471 661 1570 691 anno,
1598 650 1711 696 inquit
1738 654 1856 693 Livius,

403 697 485 741 plebi
502 696 639 730 Romana
656 696 739 729 velut
762 694 847 728 aliud
864 695 986 729 initium
1001 695 1171 730 Libertatis
1188 695 1308 740 fac‘ium
1325 696 1374 742 est,
1398 697 1476 741 quod
1492 697 1657 732 LIGARI
1675 701 1747 733 nexi
1767 699 1857 745 defie-

406 740 765 778 runt.-—Historiam
789 742 945 787 accipite.
998 744 1091 776 AEtas
1109 741 1286 790 formaque
1314 747 1349 778 C.
1367 744 1492 778 Publilii
1518 743 1564 777 ob
1582 756 1623 778 aes
1642 744 1788 780 alienum
1809 747 1852 780 L.

406 792 529 835 Papirio
548 787 683 824 cuidam
704 788 782 822 nexi
798 788 946 824 animum
967 788 1113 823 hominis
1129 791 1390 838 intemperantis
1412 790 1452 824 ad
1476 790 1656 825 libidinem
1675 795 1712 827 &
1734 802 1856 827 contu-

407 838 544 872 meliam
565 835 803 871 accendebant.
858 836 930 881 Qi
958 838 1067 883 primo
1087 837 1249 884 perlicere
1273 836 1527 873 Adolescentem
1553 838 1704 874 sermone
1732 840 1858 874 incesto

405 886 526 932 coepit,
553 896 636 918 mox
666 884 767 917 minis
796 885 952 919 territare
985 895 1091 933 atque
1118 884 1302 920 admonere
1328 885 1486 920 fortunae.
1538 886 1610 921 Ubi
1638 889 1856 922 immutatum

404 931 513 975 videt,
539 931 660 966 nudari
680 929 790 977 jubet,
817 930 1022 978 verberaque
1040 933 1167 967 afferri.
1221 932 1358 977 Qibus
1381 932 1543 967 laceratus
1558 934 1706 980 juvenis,
1728 947 1806 969 cum
1825 933 1856 968 se

406 980 439 1013 in
463 979 635 1026 publicum
660 977 886 1024 proripuisset,
914 978 961 1012 ibi
985 979 1205 1014 vehementer
1233 990 1426 1015 commotus
1444 982 1479 1014 P.
1498 982 1542 1015 R.
1573 985 1609 1016 δέ
1639 994 1715 1016 curn
1749 983 1858 1016 aetatis

405 1027 635 1070 miseratione,
661 1035 735 1059 tum
768 1024 973 1069 indignitate
997 1028 1129 1073 injuriae
1158 1027 1313 1062 accensus
1339 1027 1449 1071 legem
1473 1025 1515 1061 de
1543 1027 1698 1063 obaeratis
1724 1030 1856 1064 irritam

407 1074 482 1109 fieri
503 1074 622 1108 voluit.
677 1074 795 1108 Vibium
815 1073 853 1119 cst
883 1087 914 1107 eo
941 1075 1001 1116 die,
1027 1076 1142 1122 inquit
1160 1075 1364 1119 graviffimus
1381 1076 1520 1117 Auctor,
1545 1077 1577 1110 ob
1594 1077 1788 1122 impotentem
1808 1079 1857 1110 in-

401 1124 521 1164 juriam
539 1122 625 1155 unius
653 1121 755 1164 ingens
775 1122 924 1154 vinculum
945 1123 1031 1167 fidei,
1050 1122 1181 1168 juffique
1200 1122 1274 1167 Coff.
1296 1122 1383 1167 ferre
1408 1123 1446 1156 ad
1470 1125 1625 1167 populum,
1651 1136 1687 1157 ne
1703 1129 1780 1168 quis,
1806 1124 1857 1170 nisi

407 1171 459 1214 qui
479 1168 602 1203 NOXA
614 1169 655 1201 M
676 1167 837 1210 meruiffit,
865 1169 954 1201 donec
968 1179 1085 1212 poenam
1103 1172 1215 1211 lueret,
1243 1172 1273 1202 in
1293 1171 1489 1214 compedibus,
1514 1179 1568 1203 aut
1585 1171 1616 1204 in
1632 1182 1721 1205 nervo
1738 1180 1857 1205 tenere-

405 1226 476 1250 tur:
502 1216 632 1261 pecuniae
649 1215 765 1249 creditae
784 1215 906 1249 BONA
924 1216 1085 1259 Debitoris,
1109 1229 1164 1251 non
1183 1217 1349 1253 CORPVS
1368 1218 1522 1252 obnoxium
1541 1217 1594 1262 effe
1610 1233 1620 1259 ς
1657 1220 1704 1251 ita
1721 1220 1792 1252 nexi
1803 1217 1855 1262 so-

404 1264 476 1305 luti,
503 1272 683 1306 cautumque
698 1263 728 1295 in
742 1262 889 1308 posterum
909 1275 945 1296 ne
961 1266 1157 1298 necterentur.
1211 1267 1303 1307 Ergo
1328 1276 1370 1298 ex
1389 1265 1452 1298 hoc
1471 1274 1622 1311 ternpore
1639 1265 1776 1299 ceffavit
1794 1265 1857 1299 ob-

404 1320 582 1344 aeratorum
601 1309 778 1350 addifflo,
805 1308 941 1343 cessavit
956 1309 1073 1344 ductio
1099 1313 1132 1345 in
1150 1322 1302 1354 nervum,
1330 1311 1365 1346 id
1384 1321 1516 1346 tantum
1534 1311 1727 1358 permiffum
1747 1312 1859 1347 credi-

405 1359 551 1401 toribus,
575 1368 611 1391 ut
629 1356 716 1391 bona
735 1356 951 1402 poffiderent,
978 1369 1087 1405 eaque
1105 1357 1228 1392 deinde
1243 1358 1426 1393 venderent
1446 1358 1746 1406 publice.--Scd
1763 1359 1857 1405 legas

404 1407 547 1440 omnino
566 1416 883 1440 COMMENTARIVM
903 1404 944 1438 ad
970 1406 1010 1439 L.
1031 1405 1299 1441 Decemviralem
1318 1407 1360 1440 de
1381 1410 1486 1455 Inope
1511 1406 1677 1442 Debitore
1696 1409 1730 1441 in
1754 1410 1859 1460 partis

405 1452 603 1487 dissecando
620 1465 637 1486 a
656 1451 856 1486 Doetiffimo
877 1454 965 1487 Viro
983 1453 1108 1499 Joanne
1128 1454 1236 1502 Taylor
1258 1456 1378 1489 LL.D.
1400 1466 1505 1501 nuper
1529 1454 1772 1503 conscriptum,
1798 1455 1857 1490 ubi

404 1500 448 1535 de
468 1501 528 1534 hac
557 1512 590 1534 re
622 1500 865 1534 accuratiffime
886 1499 1051 1535 differuit.
1104 1502 1223 1546 Qum
1242 1514 1322 1536 vero
1348 1514 1388 1535 ne
1410 1500 1452 1535 fic
1471 1501 1608 1546 quidem
1629 1502 1706 1537 satis
1723 1502 1858 1538 consul-

406 1557 478 1582 tum
498 1547 670 1581 videretur
689 1545 883 1580 debitorum
900 1548 1034 1592 inopiae,
1060 1546 1227 1594 siquidem
1243 1548 1300 1583 illa
1318 1547 1470 1595 poffeffio
1484 1548 1651 1584 bonorum
1673 1554 1709 1585 &
1729 1548 1856 1585 famam

406 1595 562 1636 laedebat,
589 1598 625 1628 &
654 1605 721 1627 non
749 1592 913 1627 liberabat
938 1606 955 1626 a
973 1605 1117 1637 carcere,
1144 1594 1224 1629 idco
1244 1595 1326 1643 saepc
1354 1596 1505 1640 flagitare
1527 1596 1620 1643 plebs
1646 1599 1755 1643 coepit
1784 1599 1858 1632 aeris

405 1642 505 1676 alieni
534 1641 790 1682 relaxationem,
818 1653 917 1686 quarn
944 1640 1052 1684 legem
1072 1643 1219 1677 Romani
1249 1655 1367 1678 NOVAs
1394 1656 1552 1678 TABVLAS
1580 1643 1748 1690 adpellare
1773 1643 1857 1678 sole-

407 1688 497 1723 bant.
551 1691 612 1722 Eas
630 1700 708 1722 vero
725 1697 762 1721 ut
781 1699 880 1722 nemo
899 1700 1049 1734 unquam
1066 1688 1124 1722 nifi
1141 1689 1376 1735 perturbandae
1394 1690 1588 1738 reipublicae
1611 1691 1754 1739 cupidus
1776 1704 1855 1740 pro-

408 1737 571 1781 mulgavit
591 1753 600 1777 ς
626 1737 673 1769 ita
691 1736 838 1781 optimus
853 1734 997 1782 quisque
1017 1738 1053 1770 &
1072 1738 1139 1771 ocii
1157 1737 1400 1772 amantiffimus
1418 1738 1620 1786 repudiavit.

456 1818 615 1863 Denique
627 1814 730 1861 Julius
741 1815 837 1860 Caesar
855 1814 985 1861 plenius
1005 1815 1249 1851 consulendum
1267 1828 1356 1851 ratus
1374 1815 1584 1852 debitoribus
1605 1819 1718 1864 inopia
1737 1816 1856 1865 cleper-

407 1864 490 1899 ditis
509 1864 574 1898 lata
591 1863 666 1906 lege
685 1864 785 1904 cavit,
809 1872 844 1896 ut
859 1861 983 1904 disjecti
1001 1876 1142 1899 novarum
1160 1867 1333 1900 tabularum
1351 1867 1563 1909 expefbittione‚
1591 1878 1651 1910 quae
1675 1865 1774 1900 crebro
1791 1879 1854 1900 mo-

409 1915 548 1953 vebatur,
574 1912 721 1944 debitores
748 1911 944 1944 creditoribus
963 1911 1182 1955 fictisfiicerenr
1208 1923 1263 1956 per
1280 1913 1494 1958 (estimationem
1516 1913 1720 1958 pqffessionmn‚
1747 1915 1855 1958 quanti

408 1959 540 2006 quasque
558 1968 630 1991 ante
646 1958 735 1991 civile
752 1957 855 1991 bellum
873 1959 1097 2001 iompizraffenss
1125 1960 1246 1994 deducio
1270 1961 1392 2005 summte
1410 1965 1467 1994 ceris
1490 1962 1596 2002 alieni,
1615 1960 1640 2006 fi
1667 1962 1737 2005 quid
1763 1961 1854 2004 risum

408 2009 523 2042 nomine
552 2013 743 2040 numeratum
772 2014 827 2037 aut
847 2005 1042 2049 perscriptum
1058 2006 1357 2052 fitissot.——Suet.
1378 2007 1448 2053 Jul.
1465 2009 1575 2041 XLII.
1631 2009 1720 2050 Ergo
1745 2020 1784 2041 cx
1810 2020 1852 2041 eo

406 2065 560 2102 tempore
582 2052 681 2086 licuit
700 2050 915 2086 debitoribus
931 2051 1137 2096 polseffiones
1156 2053 1237 2096 suas,
1263 2056 1477 2089 aestimatione
1496 2056 1587 2102 prius
1601 2053 1686 2088 faciit&
1701 2054 1853 2088 credito-

407 2101 501 2135 ribus
524 2103 556 2134 in
585 2099 732 2133 solutum
758 2097 850 2132 dare.
904 2098 1010 2144 Qod
1037 2113 1111 2135 cum
1141 2102 1256 2137 sensim
1282 2103 1395 2136 denuo
1412 2101 1452 2137 ab
1480 2101 1536 2137 usu
1555 2101 1742 2146 receffifl'ct,
1767 2102 1853 2137 illud

407 2148 616 2184 Beneficium
635 2146 751 2181 denuo
771 2144 980 2181 debitoribus
998 2148 1356 2197 restituitJustinianm.

1444 2358 1481 2394 4.
1517 2346 1850 2385 ACCEPTILATIO
