2059 2812
622 143 732 196 Lib.
766 145 830 197 II.
905 147 1001 200 Tit.
1039 148 1158 200 XV.
1508 167 1604 216 τις

231 258 265 293 3.
297 246 368 292 Ea,
395 255 515 296 quum
536 241 587 282 ob
607 242 805 298 duplicem
827 246 978 287 causam
998 247 1066 287 fiat
1086 247 1231 301 duplex
1251 248 1319 297 est,
1349 246 1412 289 vel
1430 248 1608 302 vulgaris,

173 305 236 345 vel
255 305 463 358 Pupillarz's.

226 382 266 416 4.
298 367 469 422 Vulgaris
497 370 566 416 est,
593 369 751 422 quando
779 369 950 421 quilibet
977 371 1143 409 testator
1171 370 1320 411 haeredi
1341 372 1538 412 substituit
1562 374 1604 412 in

173 428 315 479 casum,
343 429 369 469 fi
398 430 599 471 institutus
617 430 740 472 haeres
759 444 840 469 non
861 429 1000 479 fuerit,
1029 430 1055 470 fi
1075 430 1138 471 vel
1157 431 1275 479 nolit,
1307 432 1369 471 vel
1388 447 1469 471 non
1490 433 1606 486 poffit

170 493 295 533 haeres
315 495 404 534 esse.

226 571 264 603 5.
296 557 458 596 Possunt
489 566 621 596 autem
649 557 705 596 ita
736 556 919 598 substitui
951 557 1015 597 vel
1045 557 1115 596 uni
1142 557 1305 610 plures;
1337 558 1400 598 vel
1421 558 1603 611 pluribus

170 631 269 657 unus
291 639 302 670 3
344 620 405 659 vel
435 619 568 671 plures
594 620 763 660 instituti
793 619 862 660 fibi
890 620 1074 669 invicem,
1103 634 1188 673 quae
1208 620 1334 673 vulgo
1367 621 1603 663 Substitutio

169 682 375 735 reciproca
394 691 574 723 vocatur.

226 753 262 785 6.
295 744 525 798 Reciprocss.
543 754 675 784 autem
693 745 739 783 e&
765 745 1045 787 substitutione
1064 746 1168 788 facita
1186 746 1264 787 fine
1293 748 1495 786 mentione
1515 761 1603 800 par-

168 806 283 855 tium,
311 809 476 847 testator
496 805 749 859 praesumitur
768 806 920 847 easdem
935 821 1066 860 partes
1085 809 1234 850 dediffe
1252 810 1293 848 in
1309 808 1604 858 substitutione,

168 881 261 919 quas
278 869 389 908 dedit
409 870 449 908 in
471 868 734 916 institutione,
763 884 800 911 v.
817 883 856 924 g.
877 869 903 909 fi
923 872 1107 911 Testator
1126 882 1205 910 tres
1225 871 1396 910 instituit
1414 869 1605 928 haeredes,

168 930 323 970 Titium
350 945 396 970 ex
426 931 545 980 beffe,
573 931 714 971 Caium
742 946 789 971 ex
808 933 939 983 ιιηειὲι,
968 935 1098 973 Seium
1120 949 1167 974 ex
1197 933 1430 986 quadrante,
1458 934 1605 986 eosque

167 991 339 1033 invicem
366 992 566 1033 substituit
581 1013 593 1044 3
634 993 725 1032 Seio
752 992 960 1036 deficiente
985 996 1049 1036 vel
1075 996 1313 1049 repudiante
1338 997 1435 1036 fient
1463 1009 1606 1039 novem

167 1065 311 1106 parteS,
339 1070 504 1110 quarum
523 1058 618 1097 οᾶῒο
638 1055 780 1096 cedent
794 1059 923 1108 Titio,
952 1073 1031 1098 una
1051 1073 1146 1100 vero
1164 1060 1282 1099 Caio.

225 1135 260 1164 7.
291 1118 364 1157 Sed
397 1119 516 1156 etiam
549 1132 640 1156 cum
671 1118 803 1169 plures
831 1120 974 1171 gradus
998 1121 1288 1160 substitutionis
1305 1120 1404 1162 fecit
1427 1121 1608 1170 testator,

167 1179 398 1219 substitutus
432 1180 644 1220 substituto
672 1179 854 1221 censetur
881 1184 1001 1223 etiam
1030 1183 1259 1223 substitutus
1283 1184 1483 1233 instituto,
1510 1184 1606 1225 licet

166 1242 398 1282 substitutus
418 1242 462 1281 fit
481 1242 707 1291 cohaeredi3
745 1245 933 1285 nimirum
953 1246 1095 1285 tertius
1114 1245 1183 1285 ille
1203 1254 1377 1299 utroque
1395 1245 1606 1289 deficiente

170 1305 371 1359 utriusque
403 1315 557 1357 partem
586 1304 717 1357 capiet
745 1315 825 1346 tam
859 1307 1041 1356 instituti,
1069 1322 1187 1360 quam
1218 1308 1433 1357 substituti,
1461 1323 1498 1349 v.
1518 1324 1607 1363 g.-

170 1368 296 1408 Titias
315 1373 349 1409 &
368 1369 532 1407 Maevius
555 1368 708 1411 haeredes
727 1371 864 1422 sunto.-
896 1371 934 1423 fi
944 1371 1108 1410 Maevius
1136 1386 1205 1410 non
1225 1372 1298 1411 erit
1326 1371 1451 1422 heres,
1479 1370 1606 1412 Titius

168 1431 276 1471 haeres
308 1432 375 1485 esto
400 1451 412 1470 .-
451 1433 492 1482 fi
522 1447 632 1484 neque
669 1431 795 1469 'Titius
827 1433 935 1472 haeres
970 1436 1071 1484 eric,
1113 1435 1344 1487 Sempronius
1378 1434 1489 1474 haeres
1523 1434 1606 1487 esto.

167 1497 324 1535 Neuter
351 1496 397 1534 fit
421 1493 561 1542 haeres,
589 1506 688 1547 ergo
711 1496 963 1548 Sempronius
982 1496 1031 1536 ad
1049 1505 1259 1549 utramque
1277 1506 1432 1549 partem
1460 1496 1606 1537 admit-

168 1567 283 1599 titur.

215 1665 280 1702 Vel
306 1666 414 1714 plures
445 1665 590 1701 instituti
619 1665 680 1701 fibi
705 1668 892 1715 invicem‚]
934 1669 1025 1704 Suet.
1055 1670 1091 1703 in
1109 1668 1189 1705 Tib.
1206 1670 1399 1708 76.——Eo
1424 1671 1602 1706 testamento

169 1713 294 1748 haeredes
318 1716 402 1760 aequis
426 1715 565 1759 partibus
592 1716 714 1760 reliquit
736 1718 848 1751 Caium
870 1729 908 1750 ex
925 1718 1119 1760 Germanico,
1144 1714 1181 1752 ά*
1200 1717 1353 1753 Tiberium
1378 1729 1416 1752 ex
1430 1716 1530 1762 Druso
1546 1730 1600 1753 ne-

166 1769 261 1805 potes,
285 1761 702 1808 SVBSTITVITQE
729 1764 976 1801 INVICEM.

282 1859 445 1926 JUS
482 1859 673 1913 ANG
692 1860 741 1911 L
759 1861 1146 1916 [CANUM.
1172 1864 1234 1915 ad
1252 1864 1353 1914 Tit.
1372 1865 1486 1914 xv,

217 1957 417 1993 Substitutio
433 1971 451 1993 a
477 1959 523 1994 ud
543 1972 603 1994 nos
621 1959 707 1994 nihil
724 1959 818 1996 aliud
835 1961 901 1997 effe
916 1961 1065 2007 videtur,
1091 1975 1194 2010 quam
1212 1961 1423 1997 conditionis
1439 1963 1510 2010 ejus
1536 1962 1598 1999 ad-

169 2006 283 2051 jeffio,
300 2018 399 2053 quam
414 1972 514 2050 vuigo
532 2019 700 2042 TAM-xvxi
718 2007 863 2044 dicimus
878 2026 889 2051 ;
912 2009 1074 2045 limitatio
1091 2011 1252 2046 nimirum
1272 2009 1452 2052 haeredum,
1477 2009 1600 2058 quibus

172 2061 273 2087 terras
299 2053 425 2097 legatas
445 2065 463 2087 a
492 2053 654 2097 legatario
679 2054 790 2089 nostro
808 2055 1026 2103 descendere,
1050 2057 1102 2094 vel
1126 2068 1312 2102 remanere,
1336 2056 1389 2093 vel
1413 2056 1529 2093 saltem
1554 2056 1597 2092 ad

172 2110 231 2133 nos
247 2103 284 2136 &
302 2099 449 2136 haeredes
466 2100 592 2137 nostros
609 2102 730 2138 reverti
746 2102 906 2140 volumus.

936 2315 1029 2369 (ζμ
1438 2310 1593 2350 ΤΙΤ.
