2059 2812
415 161 484 210 70
807 147 1069 198 Elementa
1104 145 1253 214 Juris
1287 148 1456 202 Civilis

407 245 717 298 allegationibus
750 245 1045 285 immunitatem
1073 244 1266 295 obtinuit,
1296 246 1557 290 nihilominus
1575 248 1781 305 obligatur
1807 265 1854 293 ex

409 323 460 349 eo
479 319 677 363 tempore,
705 323 784 363 quo
802 310 915 351 datus
931 311 1000 350 est.

897 407 943 456 T
981 423 1002 457 1
1042 423 1091 456 T.
1166 408 1359 459 XXVI.

564 505 645 556 De
680 504 912 572 Sqspec‘lbs
950 505 1213 558 Tutoribus
1250 506 1323 568 (ἔγ
1362 507 1696 562 Curatoribm.

466 620 500 645 1.
532 606 725 646 Tertium,
747 605 972 644 Commune
1000 605 1054 644 est
1081 605 1230 646 remotio
1260 606 1425 661 Suspeni.
1482 608 1688 662 Suspectus
1716 621 1852 651 autem

405 668 538 709 Tutor
558 670 612 708 est
632 668 702 720 qui
726 681 809 706 non
829 682 876 707 ex
895 667 972 707 fide
987 669 1176 708 Tutelam
1194 669 1315 723 gerit.

460 746 497 770 2.
530 735 576 770 In
599 730 713 784 hujus
732 730 900 771 crimine
921 730 984 770 sex
1005 730 1287 772 confideranda
1306 733 1410 774 sunt.
1474 749 1508 775 1.
1542 734 1666 776 Unde
1693 735 1850 777 descen-

400 790 481 833 dat.
543 807 580 835 2.
612 793 721 848 Qis
739 791 789 832 de
808 806 857 832 eo
880 792 1109 848 cognoscat.
1174 811 1207 844 3.
1237 796 1324 850 Qi
1338 798 1514 838 Tutores
1531 796 1702 851 suspeeci
1721 801 1851 852 postu-

399 854 548 895 lentur.
608 869 647 903 4.
724 855 764 893 ui
794 855 1010 907 postulent.
1074 871 1110 902 5.
1140 857 1300 913 Qbus
1324 873 1370 899 ex
1390 859 1519 900 caulis.
1579 868 1615 900 6.
1650 860 1713 901 Ad
1732 875 1851 915 quem

399 917 584 958 effectum
606 925 641 960 ἃ
660 932 839 971 poenam.

461 996 496 1029 3.
529 981 733 1036 Judicium
752 981 802 1022 de
817 981 1006 1035 suspeetis
1021 983 1225 1024 tutoribus
1243 1000 1289 1025 ex
1306 987 1615 1040 Leg.x11.Tabb.
1633 986 1852 1039 descendit,

397 1049 434 1085 ἃ
454 1045 608 1097 optima
628 1045 787 1085 ratione
807 1045 906 1085 olim
928 1045 1063 1086 severe
1086 1053 1121 1089 ὅ(
1139 1048 1372 1103 frequenter
1390 1053 1610 1092 exercitum
1632 1052 1727 1093 fuit.

450 1123 492 1157 4.
521 1110 722 1162 Cognitio
742 1108 791 1149 de
811 1109 996 1163 suspecto
1011 1112 1167 1152 Tutore
1182 1115 1237 1154 est
1257 1114 1544 1167 jurisdidtionis
1565 1115 1782 1157 ordinariae
1801 1116 1850 1156 ad

397 1187 536 1213 omnes
557 1175 814 1225 Magistratus
833 1175 1050 1224 pertinens.

453 1252 492 1283 5.
524 1238 678 1275 Omnes
694 1239 871 1276 Tutores
890 1242 926 1278 ἃ
940 1237 1160 1276 Curatores
1174 1237 1344 1292 suspecti
1363 1239 1523 1293 possunt
1543 1241 1746 1294 postulari,
1774 1242 1850 1282 five

395 1297 697 1347 testamentarii,
726 1297 804 1337 five
828 1298 912 1346 alii,
942 1313 992 1337 ne
1018 1301 1196 1339 Patrono
1225 1301 1385 1353 quidem
1415 1314 1599 1356 excepto,
1628 1304 1849 1345 dummodo

397 1362 514 1403 famae
534 1362 617 1415 ejus
635 1371 837 1414 parcatur.
895 1362 1007 1400 Idem
1027 1361 1076 1402 de
1100 1367 1268 1405 Parente
1287 1364 1512 1408 dicendum,

453 1434 491 1466 6.
522 1425 730 1464 Postulare
751 1434 885 1463 autem
903 1426 1034 1477 potest
1052 1424 1274 1479 suspectum
1298 1428 1472 1482 quilibet
1492 1444 1540 1469 ex
1558 1432 1725 1484 populo.
1782 1435 1849 1475 Est

396 1491 503 1532 enim
520 1487 625 1542 quafi
643 1488 803 1541 publica
820 1487 902 1529 haec
921 1488 1135 1531 accusatio,
1178 1495 1267 1532 Iino
1287 1499 1321 1534 ὃ(
1342 1493 1528 1533 mulieres
1547 1495 1696 1548 pietate
1715 1497 1847 1552 aliqua

396 1555 446 1596 ad
462 1554 538 1596 hoc
552 1553 699 1601 dudae,
728 1559 762 1595 ὃ(
782 1552 959 1594 minores
974 1568 1020 1594 ex
1037 1554 1202 1595 consilio
1218 1558 1540 1599 neceffariorum.
1598 1563 1693 1602 Non
1712 1573 1846 1603 tamen

396 1615 637 1670 impuberes,

455 1696 491 1726 7.
522 1678 651 1719 Causa
672 1689 802 1720 autem
822 1678 993 1732 suspeffi
1019 1681 1301 1733 postulationis
1328 1697 1411 1724 non
1430 1693 1584 1726 tantum
1604 1687 1659 1726 est
1686 1686 1792 1728 fraus
1812 1695 1845 1730 ὃ(

395 1743 511 1783 dolus
527 1764 538 1794 ;
581 1742 649 1782 sed
678 1748 713 1784 δε
733 1743 998 1798 negligentia,
1027 1744 1370 1796 inconsiderantia,
1400 1748 1609 1797 rusticitas,
1639 1751 1784 1792 inertia
1804 1752 1843 1792 in

395 1807 572 1863 gerendo
592 1808 658 1848 vel
673 1821 756 1847 non
776 1808 959 1860 gerendo
977 1808 1155 1861 admiffa,
1183 1824 1267 1851 non
1287 1823 1422 1853 autem
1439 1826 1665 1866 paupertas,

657 1902 843 1968 JUS
898 1902 1594 1957 ANGLICANUM.

444 2002 498 2034 De
523 2000 742 2037 excusatione
767 2005 940 2040 Tutorum
966 2003 1018 2039 vel
1046 2004 1250 2038 Curatorum
1276 2004 1366 2050 leges
1391 2005 1506 2041 nostrae
1532 2005 1618 2040 nihil
1644 2006 1843 2054 loquuntur,

395 2049 475 2094 quia
494 2050 620 2083 nemini
639 2051 746 2084 invito
764 2050 829 2086 hoc
847 2064 932 2087 onus
954 2051 1146 2099 imponunt.

440 2120 491 2152 Ex
507 2121 650 2162 Leg.12.
668 2119 778 2155 Tabb.
794 2119 989 2167 descendit]
1018 2122 1095 2156 Huc
1112 2122 1279 2170 pertinere
1296 2123 1459 2167 creditur,
1487 2122 1579 2171 quod
1596 2122 1712 2157 scribit
1724 2124 1835 2171 Cic.3.

397 2164 564 2199 deOffic.
585 2178 657 2213 cap.
674 2180 725 2212 15.
780 2171 894 2203 Dolum
923 2171 1037 2203 malum
1055 2171 1149 2204 etiam
1175 2171 1289 2214 legibus
1307 2170 1395 2215 fuisse
1411 2173 1608 2214 vindicatum,
1636 2181 1669 2205 ut
1687 2172 1842 2207 TVTE-

394 2213 511 2247 LAM
533 2226 584 2248 12.
599 2215 691 2248 Tabb.
746 2214 907 2258 Qamvis
925 2226 1037 2249 autern
1056 2228 1097 2250 ex
1115 2215 1316 2250 12.Tabulis
1332 2215 1371 2250 sit
1386 2219 1450 2252 hoc
1468 2220 1620 2259 crimem
1645 2221 1840 2253 Decemviri

395 2268 510 2294 tamen
529 2260 615 2294 illud
639 2261 678 2295 ab
695 2261 953 2296 Atlieuienfibus
968 2272 1186 2309 acceperunt,
1204 2262 1293 2310 apud
1311 2275 1396 2309 quos
1415 2276 1495 2300 nota
1516 2275 1587 2299 erat
1611 2266 1623 2295 ἦ
1649 2265 1690 2300 ⁷²35
1706 2266 1839 2302 ffib'n‘wfif

395 2307 477 2346 >gap-h.
502 2318 602 2352 quam
620 2309 721 2342 cuivis
736 2309 908 2344 instituere
925 2309 1049 2344 licebat
1067 2308 1223 2345 adversus
1244 2312 1410 2347 Tutorem
1428 2315 1488 2360 qui
1504 2311 1677 2359 pupillum
1697 2313 1763 2348 ulla
1780 2313 1838 2347 ad-

398 2351 525 2388 fecerat
551 2354 684 2400 injuria.

1600 2411 1634 2447 8.
1667 2406 1837 2447 Effedhis
