2059 2812
570 154 681 207 Lib.
713 155 752 207 I.
826 154 923 208 Tit.
960 154 1154 209 XXIV.
1546 160 1615 218 65

180 263 364 310 quatuor.
423 267 456 294 1.
489 254 609 295 Ad‘cio
634 254 789 295 Tutelae
817 254 987 304 directa,
1013 268 1091 308 qua
1119 255 1250 311 agitur
1268 262 1408 296 contra
1423 255 1614 305 Tutores,

178 324 214 359 ὅ(
230 317 386 357 utiliter
406 328 546 358 contra
564 319 796 365 Curatores,
824 317 874 357 de
892 332 968 370 qua
982 317 1086 358 infra
1104 319 1154 358 ad
1172 318 1357 360 Titulum
1375 318 1425 359 de
1446 318 1610 372 Obliga-

182 380 372 430 tionibus,
400 394 485 434 quae
505 379 610 433 quafi
633 395 681 421 ex
698 381 905 420 contractu
923 380 1150 422 nascuntur.
1210 397 1247 420 2.
1279 381 1402 422 Aetio
1424 381 1612 436 Hypothe-

178 441 294 489 caria,
324 455 398 494 qua
418 442 551 495 agitur
570 451 712 482 contra
732 452 884 489 omne5‚
912 441 981 493 qui
1007 440 1102 492 quid
1121 455 1169 480 ex
1185 440 1315 490 bonis,
1343 456 1429 495 quae
1447 443 1613 482 Tutoris

177 503 243 543 vel
260 504 471 544 Curatoris
498 503 675 552 fuerunt,
703 516 790 543 cum
806 503 952 551 Tutor,
980 503 1045 542 vel
1068 504 1244 544 Curator
1264 504 1375 551 effet,
1402 505 1609 556 poffident.

176 569 276 606 Haec
295 567 403 606 enim
430 568 552 607 tacite
582 567 746 620 pignori
775 566 953 619 obligata
977 565 1080 615 sunt,
1107 565 1157 606 de
1174 580 1251 619 qua
1270 566 1427 606 afflone
1448 566 1553 605 infra
1571 568 1613 607 in

176 629 318 670 Titulo
338 630 388 670 de
409 631 659 671 Aetionibus.
722 646 757 680 3.
790 630 910 670 Aetio
930 644 975 669 ex
987 629 1169 683 stipulatu
1186 639 1326 671 contra
1341 628 1614 684 fide-jussores,

174 690 228 730 de
247 703 322 743 qua
342 691 446 732 infra
465 692 513 732 ad
532 691 713 733 Titulum
729 691 778 731 de
789 691 1014 733 Verborum
1031 690 1371 745 Obligationibus.
1429 705 1468 739 4.
1493 692 1611 732 Aetio

178 751 398 805 Subfidiaria
417 755 458 793 in
472 753 621 794 factum
639 762 780 793 contra
799 752 1052 805 Magistratus
1067 753 1256 800 minores,
1282 754 1352 804 qui
1370 752 1432 794 vel
1449 752 1613 806 nullam,

178 815 241 854 vel
261 829 341 854 non
361 815 546 855 idoneam
565 813 861 855 satisdationem
879 823 1107 868 exegerunt.

236 881 271 916 8.
301 876 674 918 Extraordinarium
702 877 923 917 remedium
940 877 996 917 est
1016 876 1213 930 Restitutio
1237 878 1277 918 in
1298 878 1499 933 Magram,
1526 892 1611 933 quae

177 937 357 978 omnibus
384 940 604 980 minoribus
622 954 692 993 per
717 949 873 981 aetatem
898 940 1178 981 circumventis
1203 952 1271 981 aut
1290 940 1397 990 laefis‚
1423 941 1492 982 etfi
1514 955 1612 994 prae-

175 998 349 1042 sentibus
375 1004 609 1053 Tutoribus‚
637 1012 706 1044 aut
724 1003 1000 1053 curatoribus,
1030 1005 1114 1044 imo
1145 1003 1214 1044 etfi
1245 1004 1287 1044 in
1313 1004 1462 1057 judicio
1490 1019 1610 1059 nego-

177 1063 293 1114 tium,
320 1079 401 1120 quo
419 1065 495 1107 laefi
515 1067 620 1116 sunt,
646 1066 798 1108 factum
816 1065 956 1117 fuerit,
985 1067 1180 1109 subvenit.

679 1178 725 1223 T
759 1154 793 1223 1'
815 1192 865 1223 T.
937 1178 1108 1226 XXV.

296 1271 376 1321 De
399 1269 803 1336 Excusationibus
828 1271 1064 1322 Tutorum
1095 1273 1167 1334 &
1196 1273 1503 1327 Curatorum.

235 1384 269 1410 1.
298 1369 490 1423 Qamvis
515 1368 661 1408 Tutela
691 1381 735 1407 ac
765 1368 873 1407 Cura
906 1382 1045 1408 munus
1076 1369 1283 1423 publicum
1315 1369 1375 1419 fit,
1404 1382 1532 1412 tamen
1565 1388 1614 1415 ex

178 1432 296 1471 certis
315 1431 429 1473 caufis
446 1430 678 1472 conceditur
698 1431 877 1484 excusatio
898 1439 932 1474 ὅ(
952 1434 1108 1473 vacatio
1137 1432 1184 1472 ab
1214 1447 1337 1474 onere
1363 1435 1520 1476 Tutelae
1547 1437 1611 1477 vel

179 1496 312 1536 Curae.

229 1602 410 1638 Restitutio
427 1604 461 1639 in
478 1605 664 1653 integrum]
704 1606 843 1641 Terent.
856 1606 956 1641 Phor.
974 1605 1022 1641 II.
1040 1618 1073 1653 4.
1094 1619 1127 1643 v.
1146 1619 1200 1642 10.

513 1670 564 1702 Sic
582 1670 632 1703 hoc
650 1670 765 1704 videtur
779 1683 789 1702 .·
815 1668 912 1716 Qod
929 1669 971 1703 Te
989 1668 1107 1712 ahsente
1125 1669 1173 1702 hic
1182 1668 1265 1712 filius

512 1717 600 1761 Egit,
617 1717 676 1750 RE
687 1717 771 1749 STI
779 1716 859 1750 TVI
876 1717 935 1749 IN
950 1717 1078 1750 INTE
1089 1717 1120 1750 G
1131 1716 1159 1749 R
1168 1715 1246 1751 VM
1259 1726 1369 1760 aequum
1387 1714 1424 1760 est
1440 1714 1477 1750 εἴ)
1486 1716 1608 1750 bonum.-

515 1765 559 1797 Et
574 1764 603 1796 id
620 1764 797 1808 impetrabis.

447 1861 617 1927 JUS
669 1862 1347 1916 ANGLICANUM.

231 1962 344 1994 Tutor
359 1959 425 1995 five
438 1961 554 1995 Custos
569 1960 627 1995 illc
642 1961 738 2007 solus,
758 1965 814 2010 qui
833 1976 850 1997 a
865 1963 1061 2007 Magistratu
1077 1964 1128 1998 vel
1147 1963 1318 1998 ordinario
1335 1963 1445 2006 datur,
1460 1963 1502 1998 ad
1521 1962 1612 1999 satis„

184 2004 329 2058 dandum
347 2007 420 2053 jure
435 2008 544 2042 nostro
559 2017 702 2045 tenetur.
757 2013 787 2045 Is
804 2020 917 2045 autem
944 2010 1137 2058 priusquam
1164 2011 1358 2046 admittitur
1379 2010 1421 2045 ad
1439 2012 1613 2055 Tutelam,

183 2065 369 2097 juramento
386 2056 504 2100 recipit
529 2054 597 2096 (vel
613 2057 696 2091 olim
714 2058 914 2104 recipiebat)
940 2058 970 2092 sc
988 2060 1103 2092 omnia
1118 2058 1242 2106 Pupilli
1262 2057 1306 2092 sui
1325 2059 1459 2102 negotia
1478 2058 1519 2092 ad
1546 2061 1614 2093 uti-

186 2099 314 2135 litatem
329 2102 362 2136 &
388 2100 605 2135 commodum
625 2105 694 2150 ejus
717 2104 1037 2147 administraturum,
1070 2117 1182 2140 verum
1208 2110 1244 2141 &
1262 2105 1363 2139 fidele
1391 2107 1612 2140 inventarium

188 2144 352 2181 bonorum
369 2148 501 2182 suorum
517 2147 759 2194 confcaurum,
786 2156 819 2186 δε
833 2154 919 2187 intra
936 2164 1061 2187 certum
1080 2163 1211 2200 tempus
1227 2152 1338 2199 (quod
1367 2152 1417 2187 illi
1442 2165 1500 2199 per
1522 2151 1613 2198 judi-

188 2203 261 2226 cem
278 2194 469 2240 affignatur)
482 2195 738 2240 exhibiturum3
766 2212 825 2233 uec
840 2213 906 2233 nou
928 2201 1073 2234 rationes
1090 2198 1136 2234 sui
1155 2202 1313 2242 muneris,
1338 2212 1412 2234 cum
1439 2198 1480 2233 ad
1502 2199 1537 2232 id
1556 2210 1613 2231 cx-

189 2241 279 2291 ac‘tu}
301 2239 415 2290 fuerit,
438 2242 535 2287 justas
554 2246 590 2277 δε
610 2245 750 2280 finccras
778 2246 1002 2281 redditurum.
1055 2246 1159 2280 Ultra
1186 2247 1251 2282 hoc
1274 2248 1374 2282 etiam
1395 2246 1533 2280 idoneos
1553 2243 1614 2278 dat

189 2285 393 2331 fidejussores
409 2299 482 2321 cum
498 2289 558 2322 illo
574 2294 791 2339 conjunctim,
817 2298 853 2330 &
865 2295 968 2341 perse
985 2293 1119 2330 divisam
1135 2306 1197 2342 pro
1211 2294 1307 2330 fideli
1323 2304 1427 2340 atquc
1445 2291 1532 2325 Υςᾶἢ
1552 2290 1613 2325 suae

192 2332 322 2367 Tuteiae
339 2331 626 2374 administratione
643 2339 817 2384 obligatos,

947 2391 965 2425 I
1485 2400 1521 2424 2.
1552 2383 1615 2425 Ad
