2059 2812
454 175 558 223 144
848 153 1106 204 Elementa
1141 148 1289 219 Juris
1322 153 1491 206 Civilis

451 270 490 304 4.
520 259 566 294 In
589 253 703 293 rebus
722 251 771 291 ab
791 251 950 292 haerede
981 251 1122 292 dolose
1150 251 1372 293 subtractis.
1433 269 1467 301 5,
1501 256 1546 293 In
1575 252 1714 307 legatis
1740 252 1790 293 ad
1807 255 1891 308 pias

451 319 592 359 causas,
652 324 689 356 6.
720 320 766 356 In
791 316 1000 357 Libertate
1031 315 1173 370 legata.
1234 332 1268 362 7.
1300 316 1339 354 Si
1365 318 1528 356 testator
1552 317 1727 369 expresse
1752 317 1892 369 prohi-

452 381 584 421 buerit
603 389 782 434 quartam
801 378 975 419 detrahi.
1040 383 1074 418 8.
1101 379 1142 418 Si
1161 377 1299 425 haeres,
1319 387 1480 418 mortuo
1498 380 1685 419 testatore
1703 379 1891 432 spospon-

450 445 558 485 derit
577 445 615 484 se
637 445 794 499 integra
816 443 947 498 legata
968 443 1266 495 p1·aestiturum;
1297 441 1360 481 vel
1390 456 1434 481 ea
1461 441 1585 481 sciens
1609 443 1673 484 vel
1701 458 1749 484 ex
1778 444 1890 498 igno-

451 510 582 550 rantia
602 508 761 562 integra
780 505 1024 560 praestiterit.
1086 521 1122 553 9.
1154 507 1191 545 Si
1226 505 1350 545 haeres
1378 505 1420 544 id
1449 505 1593 559 egerit,
1622 516 1666 546 ut
1690 507 1891 547 fideicom-

451 573 603 613 miss'um
625 570 899 612 intercideret.
964 583 1025 609 10.
1060 569 1100 608 Si
1118 570 1229 609 vivus
1251 569 1418 609 testator
1434 569 1511 622 jam
1528 568 1678 609 haeredi
1696 580 1894 624 quartam,

449 636 515 677 vel
532 633 642 688 quod
662 633 792 675 eidem
812 633 1052 687 aequiparari
1070 612 1389 686 poffitstl‘ederit.
1450 647 1511 672 11.
1542 633 1581 672 Si
1599 637 1738 675 Haeres
1754 635 1892 676 inven-

448 701 592 740 tarium
612 710 693 737 non
713 695 949 739 confecerit.

496 808 530 842 Si
550 809 685 844 testator
700 808 851 855 expresse
869 805 1095 854 prohibuerit]
1129 808 1229 851 Legis
1248 806 1406 841 Falcidiae
1421 808 1506 842 vires
1524 807 1669 842 maximi:
1689 804 1773 841 elifit
1788 806 1890 853 Justi-

451 855 580 899 nianus,
599 854 750 902 permissa
763 854 925 890 facultate
940 854 1152 889 testatoribus
1171 852 1303 889 utiliter
1321 854 1524 901 prohibendi
1540 854 1694 889 Falcidiae
1709 853 1890 888 den-afflo-

450 913 540 944 nem,
575 916 679 949 quum
705 913 807 937 antea
833 900 1066 948 hujuscemodi
1094 901 1272 944 voluntati,
1300 904 1515 948 quantumvis
1540 899 1708 950 expreffae,
1742 899 1891 935 haeredes

451 949 592 984 minime
612 961 730 997 parere
747 959 962 994 cogerentur.

541 1050 708 1116 JUS
737 1049 1395 1101 ANGLICANUM.
1421 1052 1482 1101 ad
1502 1052 1787 1102 Tit.XXII.

497 1150 649 1184 Primum
670 1150 869 1184 ExecutorIs
887 1149 1037 1183 officium
1056 1151 1124 1195 post
1148 1151 1360 1184 executionis
1380 1162 1500 1184 munus
1526 1151 1560 1183 in
1578 1147 1610 1183 se
1637 1148 1824 1195 susceptum
1843 1148 1889 1182 est

449 1205 486 1230 ut
513 1208 552 1229 aes
580 1195 728 1230 alienum
757 1197 923 1230 testatoris
950 1195 1130 1238 dissolvat3
1165 1200 1202 1233 &
1229 1196 1342 1240 legata
1367 1194 1450 1230 solvi
1481 1208 1547 1230 non
1578 1195 1716 1239 debent,
1743 1194 1803 1230 nisi
1825 1207 1889 1230 aete

448 1242 560 1277 alieno
575 1241 747 1277 dissoluto.
1406 1279 1410 1284 ,

496 1289 603 1334 Qod
623 1289 664 1324 ad
692 1290 867 1338 privilegia
892 1289 1109 1325 Creditorum
1127 1291 1264 1333 attinet,
1289 1300 1366 1325 ante
1382 1291 1495 1326 omnia
1521 1301 1683 1325 executor
1701 1288 1890 1325 moderatas

447 1335 575 1372 funeris
594 1337 750 1384 expensas
778 1338 945 1373 deducere
967 1336 1058 1383 poffe
1075 1336 1220 1381 videtur,
1247 1342 1284 1373 δε
1311 1337 1469 1384 deinceps
1487 1337 1724 1372 Creditoribus
1739 1349 1780 1372 ex
1803 1337 1889 1383 juris

448 1382 639 1431 praestripto
658 1383 860 1420 satisfacere.
913 1387 1039 1419 Eorum
1063 1395 1174 1419 autem
1193 1386 1338 1432 primurn
1355 1384 1469 1419 locum
1488 1385 1541 1420 sua
1566 1385 1787 1432 praerogativa
1813 1386 1888 1419 Rex

446 1441 601 1480 occupat.
654 1431 846 1467 Secundum
876 1431 941 1474 illi,
965 1432 1088 1479 quibus
1109 1433 1207 1479 juxta
1237 1433 1396 1466 statutum
1425 1430 1468 1466 de
1496 1433 1751 1475 mercatoribus,
1776 1441 1833 1465 aut
1852 1433 1889 1466 in

445 1479 678 1523 recognitione
698 1479 833 1514 testator
850 1477 1022 1523 obligatus
1036 1477 1111 1512 fuit.
1167 1480 1324 1513 Tertium
1344 1480 1380 1520 ii,
1407 1479 1466 1525 qui
1495 1479 1685 1514 testatorem
1711 1479 1806 1525 super
1828 1478 1889 1512 de-

446 1526 522 1559 bito
534 1525 743 1572 judicialiter
758 1527 1018 1560 condemnatum
1034 1525 1170 1560 habent.
1223 1527 1395 1573 Qartum
1413 1525 1693 1572 chirographarii,
1721 1527 1780 1572 qui
1798 1525 1888 1559 obli-

447 1574 601 1616 gationes
618 1573 765 1619 poenales
782 1573 919 1616 habent,
944 1571 978 1607 &
997 1572 1116 1607 horum
1137 1572 1186 1606 illi
1205 1585 1350 1619 quorum
1365 1572 1437 1606 dies
1456 1571 1675 1620 preterlapsus
1694 1573 1750 1615 est,
1777 1575 1815 1607 &
1833 1573 1887 1606 in-

447 1629 500 1653 ter
528 1618 630 1665 ipsos,
657 1618 679 1653 fi
710 1620 820 1666 plures
847 1619 920 1663 sint,
945 1621 970 1654 ii
997 1621 1056 1666 qui
1087 1620 1200 1666 primo
1226 1629 1338 1664 agunt.
1391 1620 1448 1653 Sin
1472 1619 1567 1654 simul
1586 1632 1688 1664 agere
1709 1620 1886 1666 incipiant,

445 1676 503 1700 aut
529 1665 601 1701 dies
628 1665 805 1702 solutionis
829 1666 935 1701 adhuc
961 1678 1027 1700 non
1046 1665 1085 1700 fit
1101 1667 1298 1713 praeteritus,
1320 1666 1538 1710 'gratificandi
1557 1669 1688 1715 copiam
1716 1669 1886 1701 Executor

445 1712 557 1748 habet.
611 1713 850 1758 obligationes
869 1713 1020 1760 poenales
1035 1712 1220 1760 sequuntur
1234 1713 1311 1756 illae,
1336 1726 1416 1760 quas
1430 1712 1591 1761 firnplices
1610 1713 1712 1749 Billas
1725 1713 1883 1748 dicimus.

444 1761 616 1796 Ultimum
634 1760 748 1795 locum
767 1771 897 1803 tenent,
919 1763 978 1808 qui
996 1760 1062 1795 fine
1081 1760 1207 1808 scripto
1224 1771 1473 1796 contraxerunt.

491 1808 525 1842 Si
555 1809 581 1842 is
605 1810 773 1843 Execuror
795 1809 1021 1844 constituatur
1038 1809 1093 1843 cui
1115 1808 1274 1843 Testator
1293 1810 1449 1854 pecunias
1466 1808 1623 1852 debebat,
1649 1808 1757 1856 potest
1771 1807 1814 1842 ad
1834 1806 1883 1842 sui

445 1854 705 1890 satisfaetionem
734 1856 844 1902 primo
868 1855 1030 1891 summam
1050 1854 1200 1890 debitam
1225 1869 1244 1891 e
1266 1855 1428 1890 Defundti
1455 1854 1670 1891 facultatibus
1687 1855 1884 1896 deducere;

444 1900 568 1936 deinde
589 1902 683 1948 quod
701 1902 840 1949 superest
854 1903 993 1950 reliquis
1008 1902 1232 1938 creditoribus
1246 1902 1370 1937 solvere
1386 1913 1530 1937 tenetur.

493 1949 567 1984 Post
583 1948 701 1983 debita
718 1949 824 1984 soluta
839 1949 861 1984 fi
881 1949 1021 1997 reliquae
1038 1949 1215 1985 facultates
1233 1950 1354 1994 legatis
1372 1948 1545 1991 sufficiant,
1572 1948 1722 1997 quilibet
1739 1950 1884 1993 Legata·

445 1996 514 2030 rius
534 1997 699 2040 integrum
720 1995 813 2030 suum
831 1996 978 2041 legatum
994 1998 1070 2044 jure
1088 1996 1208 2044 poscit,
1233 1997 1332 2032 aliter
1347 2010 1412 2031 non
1433 1996 1492 2031 nisi
1516 2009 1575 2044 pro
1596 1997 1753 2044 portione
1772 1994 1882 2031 facul-

443 2052 550 2077 tatum
576 2044 619 2077 ad
646 2042 875 2078 uniVersorum
905 2043 1094 2088 legatorum
1122 2046 1361 2091 quantitatem.
1415 2046 1465 2078 Ita
1496 2055 1606 2078 tamen
1644 2053 1680 2076 ut
1711 2045 1883 2077 Executor

443 2089 590 2137 sumptus
608 2090 693 2125 bona
709 2089 777 2124 fide
795 2090 966 2136 expensos,
993 2095 1029 2125 &
1048 2094 1183 2126 nomina
1200 2091 1372 2138 desperata
1387 2090 1554 2125 deducere
1571 2092 1660 2136 prius
1678 2090 1770 2135 poffit
1785 2107 1795 2131 3
1822 2089 1879 2124 sed

444 2137 603 2171 Falcidiae
620 2138 753 2172 nomine
771 2137 855 2172 nihil
874 2138 924 2173 vel
950 2140 1100 2173 retinere
1119 2138 1170 2174 vel
1197 2138 1323 2186 Judicis
1340 2138 1452 2172 officio
1479 2148 1606 2185 petere.
1660 2140 1751 2172 Bona
1770 2147 1880 2172 tamen

446 2184 526 2218 alias
540 2197 606 2218 non
626 2184 735 2228 legata
754 2184 811 2220 ille
832 2184 993 2219 lucratur.

494 2234 699 2266 Executores
717 2233 818 2267 etiam
836 2234 1063 2266 Executorum
1079 2230 1203 2266 debitis
1221 2232 1318 2278 primi
1334 2231 1499 2266 testatoris
1522 2242 1694 2274 tenentur,
1719 2230 1780 2266 nisi
1793 2230 1880 2266 bona

445 2279 514 2325 ejus
533 2291 590 2324 per
606 2279 795 2315 testatorem
810 2278 903 2315 suum
919 2280 1013 2326 plene
1028 2277 1257 2314 administrata
1273 2278 1498 2326 probaverint.

1681 2383 1874 2431 TIT.
