2059 2812
417 155 514 205 188
808 149 1067 201 Elementa
1102 146 1249 215 Juris
1284 148 1451 202 Civilis

414 265 545 290 novam
564 247 761 302 proponit
777 247 1198 302 Imperator.——-Vetus
1225 249 1293 296 est,
1320 262 1408 301 quae
1426 248 1627 290 nominibus
1643 249 1730 290 fieri
1749 250 1857 291 dice-

415 314 548 361 batur,
576 311 686 364 quod
704 310 900 351 Creditor
922 316 957 352 ὅ(
981 309 1159 350 Debitor
1179 310 1340 363 quisque
1360 311 1403 350 in
1425 313 1495 353 suo
1514 313 1620 353 libro
1646 314 1798 366 accepti
1822 319 1857 355 ὅ(

415 374 568 428 expensi
589 389 727 425 nomen,
755 373 823 414 seu
848 373 1026 413 debitum
1044 373 1252 421 scriberet,
1279 372 1547 427 scriptumque
1569 376 1737 429 prolatis
1757 377 1858 415 utri-

416 437 540 490 usque
567 437 712 477 tabulis
739 435 945 490 probaret,
974 435 1083 489 quod
1110 450 1214 477 nunc
1240 437 1286 478 fit
1316 436 1403 477 solo
1429 436 1624 479 debitoris
1648 441 1857 496 chirogra-

414 501 512 555 pho.

461 612 547 656 Qae
564 611 758 647 nominibus
774 612 849 646 fieri
867 610 1078 657 dicebatur,]
1114 612 1234 645 Romae
1250 611 1333 646 olim
1352 613 1454 646 moris
1468 612 1545 656 fuit,
1572 625 1608 648 ut
1624 614 1852 663 unusquisque

411 659 649 705 paterfamilias
667 659 795 694 tabulas
809 659 902 693 domi
923 659 1073 701 haberet,
1098 659 1130 692 in
1146 657 1281 704 quibus,
1299 659 1465 706 quicquid
1482 673 1540 707 per
1555 660 1700 705 fingulos
1715 664 1786 697 dles
1801 663 1853 698 vel

410 707 591 753 acciperet,
619 706 671 741 vel
698 706 916 753 expenderet,
944 705 1181 753 perscribebat,
1209 714 1247 738 ut
1270 706 1392 740 Cicero
1412 708 1444 740 in
1468 710 1565 741 Orat.
1592 720 1652 753 pro
1679 710 1851 754 Cluentio,

408 765 480 799 cap.
500 766 553 800 14.
572 754 789 789 demonstrat.
805 774 863 778 -w
880 754 957 788 Tum
975 763 1093 798 repente
1112 754 1336 788 Anconitanum
1353 755 1503 798 quendam
1520 756 1560 788 L.
1578 758 1726 799 Clodium,
1752 759 1851 792 Phar-

408 804 590 846 macopolam
616 801 891 846 circumforaneum,
924 803 974 846 qui
1002 801 1071 845 casu
1092 810 1155 834 tum
1176 801 1328 835 Larinum
1347 801 1479 846 veniffet,
1514 805 1701 847 aggreditur,
1726 803 1764 839 ἄν
1781 817 1848 839 cum

406 860 439 882 eo
456 849 574 885 H-S.
603 850 843 894 quadringentis,
864 850 895 882 id
912 849 988 892 quod
1004 848 1087 892 ipsius
1105 848 1291 882 TABVLIS
1306 858 1369 883 tum
1388 849 1426 894 est
1443 850 1680 894 demonstratum,
1707 852 1851 897 transigit

405 895 449 928 L.
468 898 741 931 Clodius.-——-De
759 897 876 929 hatum
894 894 1085 928 tabularum
1104 894 1173 928 fide
1187 893 1338 929 censores
1355 897 1475 941 quinto
1493 908 1632 943 quoque
1649 910 1737 932 anno
1752 901 1847 934 cives

405 940 447 974 ad
461 942 701 989 jusjurandum
717 941 913 986 adigebant,
939 951 1045 987 atque
1058 941 1137 976 hinc
1155 939 1257 976 fidem
1273 942 1307 975 in
1320 942 1460 988 judiciis
1475 942 1581 978 facere
1599 943 1757 980 solebant.

405 988 528 1024 Cicero
546 1003 605 1036 pro
624 989 819 1036 QRoscio
834 988 1204 1037 Comoedo.--—Qod
1213 988 1241 1034 fi
1257 991 1309 1022 ille
1321 990 1396 1035 suas
1409 990 1543 1034 proferet
1563 992 1696 1035 tabulas,
1718 993 1851 1039 proferet

397 1037 475 1082 suas
491 1049 605 1084 quoque
625 1038 747 1083 Roscius
763 1051 773 1080 3
798 1039 858 1071 erit
881 1038 911 1070 in
931 1038 1012 1071 illius
1029 1037 1142 1071 tabulis
1160 1038 1212 1070 hoc
1229 1048 1332 1070 nomen
1348 1052 1358 1077 3
1395 1047 1429 1070 at
1446 1039 1476 1070 in
1493 1039 1579 1079 lmjus
1603 1051 1660 1072 non
1677 1041 1759 1081 erit3
1796 1054 1849 1076 cur

398 1086 497 1128 potius
516 1087 610 1128 illius,
635 1097 727 1129 quam
745 1086 833 1126 hujus
851 1085 1012 1118 credetur?
1051 1082 1211 1130 Scripfiffiet
1231 1085 1294 1124 ille,
1309 1083 1336 1129 fi
1355 1096 1407 1117 non
1419 1084 1496 1129 jussu
1514 1086 1602 1127 hujus
1622 1087 1780 1132 expensum
1797 1099 1848 1124 tu-

401 1131 503 1175 liffet?
538 1133 604 1166 Non
614 1131 767 1178 scripsisset
787 1133 845 1173 hic,
871 1132 945 1175 quod
963 1131 1018 1175 fibi
1036 1131 1196 1176 expensum
1208 1129 1287 1174 ferri
1299 1130 1443 1176 jussiffet?
1479 1133 1574 1174 Nam,
1597 1135 1846 1177 quemadmodum

400 1188 486 1235 turpe
502 1179 540 1224 est
558 1180 699 1224 scribere,
725 1180 803 1224 quod
819 1190 874 1211 non
891 1180 1056 1219 debeatur3
1087 1177 1129 1224 fic
1151 1178 1313 1222 improbum
1331 1176 1368 1222 est
1384 1190 1440 1211 non
1458 1178 1580 1223 referre,
1612 1181 1688 1224 quod
1713 1182 1819 1215 debeas
1832 1199 1845 1224 3

400 1238 481 1270 aque
498 1227 577 1260 enim
604 1227 711 1260 tabula
739 1226 971 1259 condemnantur
988 1226 1064 1266 ejus,
1090 1225 1142 1268 qui
1161 1236 1264 1259 verum
1290 1236 1346 1259 non
1363 1227 1479 1266 retulit,
1505 1224 1544 1260 (θ’
1561 1227 1635 1268 ejus,
1657 1228 1708 1272 qui
1728 1227 1845 1274 falfitm

701 1275 822 1319 Itaque
848 1272 1012 1306 nominibus
1039 1270 1207 1315 obligatio
1237 1271 1511 1315 contrahebatur,
1551 1284 1627 1306 cum
1655 1276 1689 1307 in
1725 1273 1846 1310 tabulis

395 1272 575 1318 perscripfit.

399 1318 667 1365 perscribebatur
693 1320 841 1367 aliquem
863 1319 965 1353 alicui
988 1329 1114 1353 certam
1144 1320 1319 1364 pecuniam
1346 1318 1494 1360 debere;
1520 1331 1631 1365 neque
1654 1320 1747 1355 aliud
1773 1333 1845 1358 erat

398 1380 555 1403 NOMINA
583 1380 731 1410 FACERE,
760 1380 863 1414 quam
890 1367 925 1400 in
954 1366 1083 1400 tabulas
1107 1365 1242 1408 referre,
1269 1365 1403 1413 aliquid
1423 1366 1527 1400 alicui
1546 1366 1675 1403 deberi.
1728 1371 1843 1417 Atque

397 1415 476 1449 hinc
498 1415 554 1458 est,
581 1415 672 1462 quod
691 1414 931 1458 obligationes
957 1412 1012 1448 seu
1035 1413 1154 1447 debita
1172 1412 1382 1460 appellantur
1406 1425 1573 1449 N0M1NA.
1627 1416 1741 1450 Latius
1771 1417 1843 1452 haec

396 1461 556 1507 epocat‚
581 1467 619 1498 δε
638 1472 791 1496 veterum
811 1461 1024 1503 testimoniis,
1051 1459 1231 1507 praesertim
1252 1462 1403 1494 Ciceronis
1420 1461 1601 1495 confirmat
1615 1462 1838 1499 Hotomannus.

396 1508 482 1543 Inde
499 1511 615 1552 etiam,
643 1510 702 1555 qui
722 1519 874 1542 mutuam
892 1507 1065 1540 sumebant
1080 1509 1254 1552 pecuniam
1277 1519 1448 1541 seruatae
1471 1508 1684 1554 dicebantur,
1711 1512 1770 1558 qui
1788 1523 1841 1547 re-

394 1555 578 1590 stituebant
604 1567 838 1591 RESCRIBER-E.
894 1554 982 1587 Hinc
1000 1555 1120 1587 Horat.
1139 1555 1205 1588 Ser.
1224 1554 1271 1588 11.
1291 1565 1320 1598 3.
1341 1565 1370 1588 v.
1387 1559 1444 1597 69.

727 1615 882 1651 SCRIBE
902 1614 1002 1649 decem
1024 1627 1043 1648 a
1061 1614 1166 1650 Nerio.

394 1666 438 1700 Et
466 1676 495 1700 ν’
514 1676 572 1710 75⁵
729 1712 869 1746 Putidius·
887 1711 978 1746 multo
995 1709 1147 1744 cerebrum
1165 1709 1203 1756 est
1228 1709 1317 1758 (mihi
1334 1709 1436 1757 crede)
1458 1713 1566 1747 Perilli

724 1759 891 1801 Distantiss
918 1759 994 1803 quod
1014 1766 1046 1792 tu
1066 1769 1217 1803 nunquam
1238 1760 1520 1795 RESCRIBERE
1541 1762 1636 1807 possis.

510 1820 611 1867 EPkst·
629 1820 678 1855 IL
697 1831 884 1908 1321ngle
880 1877 937 1909 OS
959 1874 1211 1910 NOMINIBVS
1230 1874 1395 1910 CERTIS
1420 1876 1584 1920 expendere
1601 1887 1744 1911 nummos.

388 1931 531 1964 Terent.
546 1928 647 1963 Phor.
662 1930 704 1964 V.
722 1941 755 1967 7.
774 1940 801 1961 v.
822 1940 877 1968 29.

722 1983 782 2017 Sed
800 1981 889 2027 transt
915 1983 955 2016 ad
970 1982 1083 2027 forum,
1110 1992 1203 2026 atque
1223 1983 1301 2016 illud
1324 1984 1398 2017 mihi

721 2033 888 2074 Argentum
911 2031 1028 2076 rursum
1048 2032 1122 2072 jube
1147 2031 1367 2073 RESCRIBI,
1388 2031 1534 2066 Phormio.

470 2110 563 2146 Phal.
582 2110 683 2158 Epist.
703 2119 757 2147 17.
896 2110 935 2141 οὗ
952 2108 1049 2140 Mirm
1065 2108 1177 2151 χάειπις
1195 2108 1281 2148 view}
1298 2109 1449 2150 emerim&
1466 2109 1578 2148 ἔφαθυῖς
1595 2109 1730 2152 dammim,
1757 2110 1830 2141 ιἰλλᾶ,

384 2159 449 2192 πολὺ
464 2159 567 2199 μᾶλλον
586 2157 643 2200 παρ’
656 2156 738 2189 αὐτᾶν
755 2155 908 2196 λαμξάνειν.
937 2156 996 2188 ’ὅθεν
1013 2156 1079 2199 ἀξιῶ
1095 2156 1135 2198 fari
1147 2157 1180 2187 ὥς
1202 2157 1392 2194 οὔέὶδὶυκόπι
1409 2170 1442 2195 με
1456 2158 1547 2200 &ciem
1577 2157 1636 2188 ἀλλ’
1652 2158 1684 2188 ὥς
1701 2158 1833 2195 πςοσυφεὶ-

382 2206 464 2239 λονπί
478 2219 527 2241 ovi,
559 2203 615 2246 219¹
633 2205 660 2237 τὲ
674 2204 814 2242 βελκθῖτναλ
828 2216 856 2235 σε
878 2204 976 2237 nageb,
998 2203 1198 2243 ἑίἒπέμψκμεν,
1224 2209 1339 2237 ΓΡΑΦΕ.
1461 2206 1531 2239 Non
1549 2204 1681 2249 conferre
1698 2216 1757 2247 me,
1772 2203 1829 2248 fid

381 2256 518 2298 accipere
531 2255 625 2298 potius
642 2253 786 2299 existimo,
806 2264 865 2296 quae
884 2252 915 2284 in
934 2252 1018 2284 bonos
1037 2252 1140 2283 colloco
1157 2251 1307 2295 beneficia.
1358 2251 1473 2298 Qare
1499 2264 1566 2286 cum
1595 2265 1644 2295 ea,
1669 2264 1730 2297 quae
1749 2252 1828 2297 mifi-

381 2314 443 2336 mus
460 2313 516 2336 non
541 2301 718 2346 dedignatus
734 2299 846 2346 fueris,
871 2309 988 2335 menon
1004 2306 1038 2332 ut
1052 2299 1151 2342 illum,
1178 2301 1229 2343 qui
1243 2299 1324 2344 prior
1341 2300 1467 2343 dederit,
1487 2300 1544 2346 scd
1566 2301 1619 2346 qui
1643 2300 1759 2346 insuper
1773 2301 1827 2332 de-

380 2349 461 2393 beat,
486 2356 614 2395 reputes.

1638 2408 1672 2444 3.
1703 2391 1821 2432 Nova
