2059 2812
574 144 700 196 Libs
722 144 811 195 [Π.
836 177 838 180 -
885 142 982 197 Tit.
1009 142 1177 195 XXV‘
1495 160 1592 213 197

225 259 263 285 2.
291 248 336 284 In
356 243 563 284 contractu
592 244 823 285 Locationis
849 241 1143 283 Conduetionis
1168 241 1263 282 licet
1294 241 1533 295 regulariter
1553 244 1594 283 in

168 309 398 349 anteceffum
418 307 467 347 de
487 307 668 347 mercede
686 307 807 347 soleat
823 306 1028 347 conveniri
1046 323 1053 343 z
1085 315 1214 346 tamen
1234 304 1262 344 fi
1279 306 1365 359 quis
1383 306 1483 346 citra
1502 305 1594 346 defi-

169 372 289 410 nitam
316 371 424 422 prius
443 371 665 410 mercedem
691 370 807 409 alteri
839 381 1016 422 operam,
1045 378 1114 405 aut
1135 367 1244 408 usum
1263 369 1339 408 suae
1359 370 1416 408 rei
1435 368 1595 410 addixe-

165 434 234 480 rit,
264 432 444 472 censetur
463 435 686 485 expectare,
711 442 900 485 quantum
919 429 1138 471 communis
1156 431 1258 480 usuS,
1287 442 1353 470 aut
1374 432 1595 474 conducto-

165 496 218 534 ris
239 495 399 548 aequitas
418 496 572 536 tulerit.

225 573 257 605 3.
290 557 408 597 Circa
437 556 542 596 hunc
573 558 820 597 conti‘adtum
854 555 1157 605 observandum,
1194 555 1218 595 fi
1251 568 1310 594 res
1332 554 1460 595 locata
1479 554 1594 608 plane

163 621 347 673 perierit,
377 635 422 660 ex
443 635 491 660 eo
510 631 691 674 tempore
709 619 1009 661 Condm‘ssorem
1028 619 1078 660 ad
1096 619 1332 666 mercedem,
1361 618 1427 659 seu
1445 619 1593 672 pensio-

162 695 252 721 nem
272 696 352 722 non
376 683 539 735 amplius
558 685 700 723 teneri.

213 759 252 792 4.
283 745 322 784 Si
346 758 407 784 res
426 744 554 784 locata
573 755 721 784 certum
745 757 789 784 ac
808 743 1015 784 definitum
1035 744 1178 785 habeat
1198 745 1310 785 usum
1329 767 1341 798 3
1371 747 1431 786 uti
1449 746 1597 785 Domi-

161 821 233 847 nus
252 823 336 848 eam
357 810 538 861 praestare
557 808 692 857 debet,
719 823 797 862 quo
817 809 855 848 ei
883 808 967 848 usui
987 809 1031 848 fit
1062 809 1205 849 idonea
1223 829 1234 859 3
1266 810 1321 849 ita
1338 808 1362 848 fi
1383 809 1451 848 illa
1470 809 1594 848 detri-

161 870 285 908 menti
318 868 413 922 quid
445 868 612 921 ceperit,
641 869 876 909 Conductor
901 869 950 908 de
976 869 1159 922 pensione
1178 869 1373 919 detrahit,
1401 880 1594 922 quantum

159 931 245 971 usui
265 933 324 972 rei
355 931 574 972 decesserit.
633 932 705 971 Sed
736 931 762 971 fi
782 933 841 971 rei
873 932 1012 971 locatae
1033 942 1250 984 proventus
1279 932 1323 972 fit
1344 934 1530 982 incertus,
1558 940 1594 975 ὅ(

159 993 309 1046 aliquid
327 995 422 1033 aleae
442 994 671 1043 contineat3
702 994 759 1032 uti
786 993 998 1032 exuberans
1026 1004 1245 1046 proventus
1262 993 1515 1034 conductoris
1534 994 1594 1034 lu-

159 1069 245 1105 cro,
264 1058 319 1096 ita
337 1055 533 1109 malignus
552 1056 721 1110 ejusdem
740 1056 883 1096 damno
902 1058 970 1106 est,
989 1070 1061 1096 nec
1081 1058 1217 1096 stricto
1236 1057 1325 1110 jure
1343 1057 1394 1096 de
1407 1057 1593 1108 pensione

159 1119 213 1158 ob
245 1119 492 1159 sterilitatem
521 1118 736 1171 quidquam
766 1119 1069 1168 detrahendum,
1106 1120 1325 1172 praesertim
1359 1133 1446 1159 cum
1479 1121 1595 1161 unius

161 1181 255 1219 anni
289 1180 469 1220 sterilitas
501 1179 664 1218 alterius
698 1181 880 1219 ubertate
909 1179 1033 1219 soleat
1060 1182 1245 1232 pensari;
1276 1181 1343 1220 nifi
1373 1180 1497 1230 casus,
1523 1185 1594 1235 qui

158 1254 400 1296 proventum
420 1242 718 1294 interceperint,
749 1243 921 1282 rariores
941 1241 1109 1291 fuerint,
1137 1250 1171 1284 ὅ(
1191 1244 1241 1284 de
1257 1257 1426 1296 quorum
1447 1245 1531 1284 alefi
1552 1246 1592 1285 in

159 1306 199 1346 se
216 1304 457 1358 suscipienda
476 1304 709 1345 Conductor-
741 1320 821 1345 non
842 1305 1030 1359 cogitaffe
1058 1306 1329 1360 praesumitur.
1381 1310 1467 1348 Hos
1485 1309 1592 1350 enim

158 1369 207 1408 ad
226 1368 447 1421 pensionem
462 1367 728 1418 minuendam,
751 1370 814 1411 vel
827 1368 1108 1410 remittendam
1124 1370 1258 1411 valere
1276 1370 1417 1422 utique
1434 1384 1590 1423 aequum

157 1431 225 1472 est.

213 1509 250 1540 5.
281 1494 479 1532 Caeterum
500 1493 575 1539 uti,
603 1493 671 1545 qui
692 1507 774 1533 rem
794 1493 965 1545 aliquam
998 1494 1113 1534 alteri
1142 1495 1306 1543 locavit,
1335 1495 1515 1548 praestare
1534 1507 1592 1537 te-

157 1565 288 1605 netur,
315 1567 358 1596 ut
378 1554 459 1606 ipsa
478 1553 560 1594 usui
581 1555 624 1595 fit
655 1556 810 1604 habilis,
839 1556 1106 1609 impensasque
1131 1557 1358 1597 necessarias
1387 1557 1587 1599 tolerare:

158 1619 214 1658 ita
232 1617 469 1658 Conduecor
489 1616 538 1655 ad
563 1617 660 1657 boni
680 1617 976 1657 Patrisfamilias
997 1618 1159 1658 modum
1179 1618 1315 1658 eadem
1342 1618 1418 1667 uti,
1448 1623 1483 1658 ὅ(
1502 1633 1588 1671 quae

157 1680 270 1733 ipfius
289 1681 402 1733 culpa
422 1679 578 1731 perdita
593 1679 771 1728 fuerunt,
791 1682 995 1720 restituere
1015 1681 1160 1733 debet3
1191 1687 1225 1722 ὅ(
1244 1681 1312 1733 qui
1327 1695 1425 1734 opus
1441 1680 1588 1722 facien·

156 1743 251 1783 dum
266 1742 470 1790 conduxit,
499 1741 605 1794 quod
622 1741 686 1781 sua
701 1744 812 1796 culpa
832 1754 1062 1795 corruptum
1082 1746 1150 1792 est,
1179 1745 1318 1784 itidem
1336 1745 1503 1797 praestat.

212 1815 248 1846 6.
280 1806 367 1860 Qi
387 1816 667 1844 momentaneam
684 1805 787 1845 suam
802 1820 963 1860 operam
980 1805 1098 1845 alicui
1119 1807 1280 1855 locavit,
1309 1808 1375 1847 ubi
1392 1821 1477 1847 eam
1493 1822 1588 1860 quo-

157 1879 312 1918 cunque
348 1866 435 1905 casu
464 1867 645 1918 praestare
675 1867 886 1920 impeditus
918 1865 1056 1916 fuerit,
1084 1868 1305 1908 mercedem
1337 1879 1475 1921 petere
1506 1883 1586 1908 non

157 1930 299 1983 potest.
358 1928 431 1968 Sed
467 1930 537 1982 qui
567 1929 769 1969 continuam
801 1929 963 1982 alicujus
996 1941 1158 1983 operam
1194 1930 1409 1980 conduxit,
1453 1930 1519 1970 ubi
1553 1932 1586 1971 is

157 2047 217 2080 tur,
241 2040 323 2072 tulit.
376 2040 497 2080 Patres,
524 2039 595 2082 quia
616 2050 652 2072 ea
675 2041 737 2083 lege
755 2039 835 2072 haud
845 2048 973 2082 parvum
991 2041 1117 2084 vestigat
1133 2039 1211 2084 inopi
1231 2041 1332 2074 aerario
1351 2041 1487 2074 additum
1504 2039 1584 2083 effer,

157 2088 287 2119 austores
297 2083 571 2128 suerum—Ab
588 2084 649 2118 hac
668 2096 776 2119 aurum
793 2085 1002 2130 vicefimarium
1029 2085 1216 2129 derivetur,
1238 2087 1331 2132 quod
1349 2089 1383 2121 in
1408 2088 1582 2121 Sannione

158 2133 287 2174 aerario,
312 2130 354 2164 de
371 2142 439 2177 quo
456 2132 530 2165 Liv.
547 2130 621 2165 Lib.
639 2131 953 2176 27.——Consulibus
982 2144 1090 2167 aurum
1115 2134 1341 2179 vicefimarium,
1365 2134 1441 2179 quod
1458 2136 1489 2168 in
1507 2134 1582 2180 san-

157 2179 243 2211 Hiore
259 2180 358 2212 aerario
375 2179 415 2212 ad
431 2180 550 2213 ultimos
569 2177 655 2224 casus
667 2178 851 2223 servaretur,
873 2181 967 2224 promi
985 2181 1110 2224 placuit.

205 2223 367 2269 Oppi-effa
394 2236 451 2270 per
468 2225 641 2271 Principes
664 2225 864 2272 Republica,
889 2225 992 2261 multa
1021 2237 1105 2262 nova
1133 2227 1267 2263 inventa
1294 2225 1366 2263 sunt
1393 2224 1582 2269 vestigalia,

157 2269 280 2316 quibus
297 2271 445 2306 aetarium
463 2270 740 2320 locupletaretur,

1424 2351 1583 2404 morbo,
