2059 2812
626 163 735 215 Lib.
767 163 806 216 I.
882 163 979 218 Tit.
1009 165 1122 217 VII.
1556 188 1611 234 31

696 268 739 316 T
778 282 798 316 1
836 284 886 317 T.
957 268 1073 317 VII.

380 379 385 383 ’
442 362 523 414 De
558 364 658 429 lege
693 363 835 430 Fufia
872 364 1086 416 Caninicz
1121 366 1353 417 tollenda.
1413 388 1416 391 ·

236 478 270 502 1.
300 466 411 516 Lege
432 463 532 515 Fufia
550 461 699 502 caminia
718 471 850 503 certus
875 462 1030 512 modus,
1061 463 1133 512 (id
1152 465 1220 513 est,
1249 470 1454 519 numerus)
1477 469 1620 508 consti-

179 537 286 567 tutus
305 538 391 568 erat
410 528 614 568 servorum
634 528 869 567 testamento
888 527 1315 568 manumittendorum.
1361 530 1448 582 Qi
1468 545 1529 571 10,
1551 531 1619 571 ha-

179 589 312 638 bebat,
341 604 422 629 non
453 589 542 642 plus
574 598 687 642 parte
719 587 888 628 dimidia
908 609 919 640 3
965 589 1033 641 qui
1059 605 1119 638 30.
1141 603 1224 629 non
1245 589 1334 642 plus
1353 591 1475 630 tertia
1497 612 1508 643 ;
1551 595 1618 645 qui

134 697 136 699 ‚
183 666 270 694 100,
293 665 375 691 non
396 653 484 706 plus
513 649 685 705 quart&
727 651 798 704 qui
819 665 908 699 500.
932 665 1012 690 non
1042 651 1130 704 plus
1160 651 1313 704 quintin
1369 654 1502 693 Nemo
1522 667 1618 693 vero

178 716 284 757 ultra
307 731 397 757 100.
415 716 697 757 manumittere
714 725 890 769 poterat.
921 715 998 756 Sed
1017 715 1099 757 haec
1116 717 1319 769 antiquata
1337 718 1406 766 est,
1428 718 1618 771 quoniam

179 779 392 821 absurdum
414 779 626 823 videbatur
645 779 911 820 morientibus
930 779 1160 820 libertatem
1179 780 1369 830 adimere,
1396 796 1514 835 quam
1535 783 1622 823 vivi.

178 843 341 886 habent.

691 903 736 951 T
774 917 796 951 1
836 917 887 952 T.
956 902 1103 952 VIII.

351 1000 431 1050 De
465 1001 542 1051 his
578 1002 660 1067 qui
683 999 810 1067 sunt
840 1002 934 1068 sui,
983 1002 1069 1052 vel
1098 1001 1253 1052 alieni
1271 999 1424 1065 juris.

235 1113 270 1138 1.
300 1099 476 1140 Secunda
502 1097 766 1139 Personarum
801 1098 944 1140 divisio
978 1101 1047 1149 est,
1086 1099 1196 1152 quod
1229 1099 1409 1153 quaedam
1440 1101 1620 1153 personae

179 1160 271 1200 sunt
284 1163 344 1213 sni
357 1162 475 1214 juris,
505 1160 686 1211 quaedam
704 1162 820 1199 alieno
841 1163 922 1215 juri
943 1163 1127 1216 subjed’tae
1145 1181 1153 1202 ;
1192 1174 1310 1215 atque
1329 1163 1390 1204 hae
1408 1163 1556 1205 iterum
1576 1165 1619 1204 in

180 1224 374 1276 potestate
395 1224 457 1262 vel
476 1222 722 1269 Dominorum‚
751 1223 815 1261 vel
827 1233 1024 1277 parentum
1043 1225 1146 1264 sunt.

234 1302 271 1326 2.
292 1290 339 1325 In
354 1286 629 1324 Dominorum
642 1286 837 1336 potestate
851 1286 940 1325 sunt
958 1288 1070 1325 Servi
1087 1305 1099 1335 ;
1130 1286 1171 1325 in
1183 1300 1351 1338 quorum
1365 1293 1399 1329 ὅ(
1411 1289 1619 1341 personam

180 1356 214 1392 ὃ(
232 1350 335 1389 bona
354 1348 536 1388 Domino
555 1346 612 1400 jus
630 1348 839 1401 competit.

239 1429 272 1462 3.
302 1415 355 1451 Et
383 1410 541 1465 quidem
570 1412 611 1452 in
639 1411 850 1465 personam
876 1415 1078 1457 Dominus
1106 1413 1205 1453 olim
1226 1412 1398 1454 habebat
1428 1414 1486 1467 jus
1509 1417 1620 1468 vitae,

179 1476 374 1528 necisque.
417 1477 534 1517 Nunc
553 1483 707 1516 tantum
726 1476 1061 1526 emendationem,
1090 1487 1157 1516 aut
1176 1476 1372 1518 modicam
1392 1477 1621 1521 Coercitio-

230 1586 322 1628 Lege
337 1583 429 1619 Fufia
443 1583 599 1630 Caminia]
636 1586 720 1619 Lata
735 1585 780 1619 est
795 1588 876 1620 Haec
891 1587 963 1620 Lex
978 1587 1103 1633 Augusti
1130 1586 1346 1634 temporibus
1363 1597 1401 1620 ut
1419 1599 1460 1621 ex
1479 1589 1620 1624 Suetonio

181 1631 403 1676 intelligimus
420 1644 493 1679 cap.
517 1644 571 1678 40.
603 1634 687 1677 Aug.
714 1633 772 1667 ubi
802 1634 891 1667 ratio
918 1633 1003 1678 legis
1034 1634 1212 1669 indicatur.
1337 1633 1455 1679 Magni
1473 1645 1619 1679 praeterea

179 1680 358 1724 existimans,
377 1679 536 1725 sincerum,
558 1689 649 1725 atque
666 1681 703 1714 ab
718 1682 796 1714 omni
809 1682 969 1716 colluvione
982 1683 1130 1727 peregrini
1149 1694 1185 1716 ac
1193 1682 1313 1728 servilis
1333 1683 1498 1727 Sanguinis
1524 1685 1619 1719 incor-

179 1736 299 1771 ruptum
306 1727 430 1772 servare
442 1729 593 1772 populum,
618 1725 655 1762 ἔν’
670 1729 826 1763 civitatem
842 1729 1011 1763 Romanam
1028 1728 1195 1776 parcissimi
1221 1731 1316 1772 dedit,
1338 1727 1375 1764 ὠ
1390 1731 1618 1767 manumittendi

181 1775 296 1809 modum
319 1777 506 1809 terminavit.

230 1823 273 1854 Et
299 1821 439 1867 quidem
458 1822 493 1855 in
511 1818 681 1867 personam
698 1822 867 1855 Dominus
885 1821 968 1857 olim
989 1820 1133 1857 habebat
1149 1823 1202 1868 jus
1219 1824 1307 1865 vitae,
1333 1821 1514 1869 necisque]
1552 1825 1618 1858 Po-

181 1867 277 1901 testas
294 1869 472 1902 Dominica
497 1868 567 1901 duo
585 1867 786 1914 potiffimum
817 1869 889 1915 jura
910 1868 1196 1915 compstcftebatur
1216 1887 1227 1912 3
1260 1870 1402 1904 alterum
1431 1870 1525 1917 quod
1544 1874 1617 1906 Do-

182 1915 265 1948 mini
286 1927 344 1962 per
361 1915 479 1949 Servos
501 1916 743 1961 acquirerent3
779 1915 920 1951 alterum
938 1916 1030 1964 quod
1049 1918 1123 1964 jure
1141 1918 1213 1952 vitae
1240 1921 1276 1952 &
1294 1918 1385 1951 necis
1404 1918 1437 1950 in
1465 1930 1521 1952 eos
1545 1929 1617 1953 ute-

181 1972 305 1995 rentur.
360 1964 412 1996 De
432 1962 614 2008 posteriore
630 1963 698 2008 jam
718 1962 881 1998 nonnulla
908 1977 948 1999 ex
967 1965 1180 2012 Antiquitate
1209 1964 1375 2000 monenda
1392 1962 1477 1998 sunt.
1531 1967 1618 2001 Non

182 2009 302 2043 mirum
322 2008 378 2051 est,
405 2009 495 2054 quod
519 2010 572 2056 jus
598 2011 673 2043 vitae
690 2010 723 2045 &
738 2012 828 2045 necis
844 2013 941 2046 Romae
959 2014 1118 2047 Dominis
1136 2022 1359 2059 competeret,
1385 2012 1506 2058 quibus
1525 2013 1616 2047 Servi

184 2067 249 2088 non
266 2055 466 2101 personarum,
492 2057 556 2100 (ut
573 2055 667 2103 supra
692 2056 901 2093 observatum
929 2058 1000 2104 est)
1029 2058 1083 2094 sed
1101 2072 1198 2096 rerum
1224 2060 1300 2094 loco
1325 2058 1390 2092 effe
1406 2057 1614 2094 videbantur.

183 2101 249 2135 Sed
267 2114 333 2148 quo
351 2105 454 2147 magis
463 2105 560 2139 Roma
577 2117 593 2137 a
607 2106 745 2140 Virtute
760 2105 940 2149 descitum,
966 2119 1007 2140 eo
1023 2106 1141 2141 durius
1156 2105 1399 2152 immaniusque
1416 2118 1491 2141 cum
1507 2108 1617 2142 Servis

184 2149 291 2183 aetum
309 2150 365 2193 est,
386 2152 420 2185 in
447 2163 533 2198 quos
555 2151 658 2186 veluti
677 2164 736 2198 per
756 2153 872 2199 jocum
893 2157 929 2189 δε
953 2153 1071 2189 ludum
1099 2154 1275 2190 saeviebant
1289 2154 1431 2188 Domini
1449 2154 1617 2189 truculen-

185 2195 305 2230 tiffimi.
355 2199 430 2244 Juv.
447 2200 516 2234 Sat.
536 2204 568 2233 6.
591 2212 623 2235 v.
641 2200 720 2235 218.

510 2270 589 2305 Pone
606 2283 723 2306 crucem
740 2274 851 2307 Servo.-
878 2272 1000 2308 Meruit
1017 2284 1073 2317 quo
1090 2273 1213 2308 crimine
1231 2275 1341 2307 Servus

513 2318 722 2362 Supplicium?
758 2319 847 2368 Qs
861 2320 938 2366 testis
957 2320 1061 2366 adest?
1089 2319 1178 2368 Qs
1199 2322 1329 2355 detulit?
1356 2317 1451 2358 Audi,

516 2365 610 2398 Nulla
626 2378 757 2411 unquam
771 2369 805 2402 de
822 2378 913 2403 morte
928 2369 1052 2403 hominis
1070 2370 1215 2403 cunetatio
1232 2370 1320 2411 longa
1335 2364 1382 2409 est.

1535 2426 1616 2460 Nec
