<?xml version="1.0" encoding="UTF-8"?>
<!DOCTYPE html PUBLIC "-//W3C//DTD XHTML 1.0 Transitional//EN"
    "http://www.w3.org/TR/xhtml1/DTD/xhtml1-transitional.dtd">
<html xmlns="http://www.w3.org/1999/xhtml" xml:lang="en" lang="en">
 <head>
  <title>
</title>
<meta http-equiv="Content-Type" content="text/html;charset=utf-8" />
  <meta name='ocr-system' content='tesseract 3.04.00' />
  <meta name='ocr-capabilities' content='ocr_page ocr_carea ocr_par ocr_line ocrx_word'/>
</head>
<body>
  <div class='ocr_page' id='page_1' title='image "./jurisprudentiaph00eden_0313.png"; bbox 0 0 2059 2812; ppageno 0'>
   <div class='ocr_carea' id='block_1_1' title="bbox 580 154 1633 227">
    <p class='ocr_par' dir='ltr' id='par_1_1' title="bbox 580 154 1633 227">
     <span class='ocr_line' id='line_1_1' title="bbox 580 154 1633 227; baseline -0.005 -13"><span class='ocrx_word' id='word_1_1' title='bbox 580 159 696 214; x_wconf 82' lang='lat' dir='ltr'>Lib.</span> <span class='ocrx_word' id='word_1_2' title='bbox 727 159 819 212; x_wconf 88' lang='lat' dir='ltr'>IV.</span> <span class='ocrx_word' id='word_1_3' title='bbox 892 158 991 212; x_wconf 79' lang='lat' dir='ltr'>Tit.</span> <span class='ocrx_word' id='word_1_4' title='bbox 1028 154 1233 211; x_wconf 78' lang='lat' dir='ltr'><em>XVIII:</em></span> <span class='ocrx_word' id='word_1_5' title='bbox 1522 166 1633 227; x_wconf 69' lang='lat'>287</span> 
     </span>
    </p>
   </div>
   <div class='ocr_carea' id='block_1_2' title="bbox 181 255 1636 1567">
    <p class='ocr_par' dir='ltr' id='par_1_2' title="bbox 190 255 1633 442">
     <span class='ocr_line' id='line_1_2' title="bbox 190 255 1630 307; baseline 0.001 -5"><span class='ocrx_word' id='word_1_6' title='bbox 190 261 326 302; x_wconf 79' lang='lat' dir='ltr'>nianus</span> <span class='ocrx_word' id='word_1_7' title='bbox 344 259 561 302; x_wconf 85' lang='lat' dir='ltr'>adulteram</span> <span class='ocrx_word' id='word_1_8' title='bbox 579 258 828 300; x_wconf 80' lang='lat' dir='ltr'>verberatam</span> <span class='ocrx_word' id='word_1_9' title='bbox 859 257 900 298; x_wconf 91' lang='lat' dir='ltr'>in</span> <span class='ocrx_word' id='word_1_10' title='bbox 926 258 1210 298; x_wconf 87' lang='lat' dir='ltr'>monasterium</span> <span class='ocrx_word' id='word_1_11' title='bbox 1233 255 1358 307; x_wconf 81' lang='lat' dir='ltr'>mitti,</span> <span class='ocrx_word' id='word_1_12' title='bbox 1383 263 1420 299; x_wconf 73' lang='grc' dir='ltr'>δι</span> <span class='ocrx_word' id='word_1_13' title='bbox 1445 260 1515 301; x_wconf 85' lang='lat' dir='ltr'>nifi</span> <span class='ocrx_word' id='word_1_14' title='bbox 1542 276 1630 303; x_wconf 86' lang='lat' dir='ltr'>eam</span> 
     </span>
     <span class='ocr_line' id='line_1_3' title="bbox 191 322 1633 378; baseline 0.001 -14"><span class='ocrx_word' id='word_1_15' title='bbox 191 324 296 366; x_wconf 85' lang='lat' dir='ltr'>intra</span> <span class='ocrx_word' id='word_1_16' title='bbox 315 323 519 365; x_wconf 81' lang='lat' dir='ltr'>biennium</span> <span class='ocrx_word' id='word_1_17' title='bbox 538 325 737 378; x_wconf 85' lang='lat' dir='ltr'>reciperet</span> <span class='ocrx_word' id='word_1_18' title='bbox 757 323 934 373; x_wconf 81' lang='lat' dir='ltr'>maritus,</span> <span class='ocrx_word' id='word_1_19' title='bbox 962 323 1101 363; x_wconf 87' lang='lat' dir='ltr'>habitu</span> <span class='ocrx_word' id='word_1_20' title='bbox 1120 322 1337 363; x_wconf 87' lang='lat' dir='ltr'>monastico</span> <span class='ocrx_word' id='word_1_21' title='bbox 1355 337 1441 363; x_wconf 85' lang='lat' dir='ltr'>eam</span> <span class='ocrx_word' id='word_1_22' title='bbox 1461 326 1633 378; x_wconf 74' lang='lat' dir='ltr'>amiciri²</span> 
     </span>
     <span class='ocr_line' id='line_1_4' title="bbox 190 387 1349 442; baseline -0.002 -13"><span class='ocrx_word' id='word_1_23' title='bbox 190 394 225 429; x_wconf 70' lang='grc' dir='ltr'>ὅ(</span> <span class='ocrx_word' id='word_1_24' title='bbox 244 401 316 442; x_wconf 88' lang='lat' dir='ltr'>per</span> <span class='ocrx_word' id='word_1_25' title='bbox 334 401 491 427; x_wconf 84' lang='lat' dir='ltr'>omnem</span> <span class='ocrx_word' id='word_1_26' title='bbox 512 389 634 428; x_wconf 85' lang='lat' dir='ltr'>vitam</span> <span class='ocrx_word' id='word_1_27' title='bbox 652 387 692 426; x_wconf 92' lang='lat' dir='ltr'>in</span> <span class='ocrx_word' id='word_1_28' title='bbox 712 388 949 427; x_wconf 83' lang='lat' dir='ltr'>monasterio</span> <span class='ocrx_word' id='word_1_29' title='bbox 968 400 1125 427; x_wconf 84' lang='lat' dir='ltr'>manere</span> <span class='ocrx_word' id='word_1_30' title='bbox 1144 387 1349 439; x_wconf 86' lang='lat' dir='ltr'>praecepit.</span> 
     </span>
    </p>

    <p class='ocr_par' dir='ltr' id='par_1_3' title="bbox 188 449 1635 816">
     <span class='ocr_line' id='line_1_5' title="bbox 246 449 1635 503; baseline 0.004 -14"><span class='ocrx_word' id='word_1_31' title='bbox 246 465 308 499; x_wconf 90' lang='lat'>14.</span> <span class='ocrx_word' id='word_1_32' title='bbox 340 451 529 492; x_wconf 76' lang='lat' dir='ltr'><em>Privatim</em></span> <span class='ocrx_word' id='word_1_33' title='bbox 551 450 727 492; x_wconf 68' lang='lat' dir='ltr'>vindieta</span> <span class='ocrx_word' id='word_1_34' title='bbox 746 450 994 503; x_wconf 74' lang='lat' dir='ltr'>permittitur</span> <span class='ocrx_word' id='word_1_35' title='bbox 1012 455 1047 492; x_wconf 65' lang='grc' dir='ltr'>ὅ(</span> <span class='ocrx_word' id='word_1_36' title='bbox 1062 450 1209 490; x_wconf 86' lang='lat' dir='ltr'>marito</span> <span class='ocrx_word' id='word_1_37' title='bbox 1229 455 1263 491; x_wconf 73' lang='grc' dir='ltr'>ἃ</span> <span class='ocrx_word' id='word_1_38' title='bbox 1284 450 1393 490; x_wconf 85' lang='lat' dir='ltr'>Patri</span> <span class='ocrx_word' id='word_1_39' title='bbox 1421 449 1635 494; x_wconf 68' lang='lat' dir='ltr'>adulterae.</span> 
     </span>
     <span class='ocr_line' id='line_1_6' title="bbox 190 513 1630 564; baseline 0.001 -12"><span class='ocrx_word' id='word_1_40' title='bbox 190 513 264 553; x_wconf 86' lang='lat' dir='ltr'>Sed</span> <span class='ocrx_word' id='word_1_41' title='bbox 293 514 346 553; x_wconf 76' lang='lat' dir='ltr'>illi</span> <span class='ocrx_word' id='word_1_42' title='bbox 374 513 559 554; x_wconf 80' lang='lat' dir='ltr'>occidere</span> <span class='ocrx_word' id='word_1_43' title='bbox 589 514 685 554; x_wconf 85' lang='lat' dir='ltr'>licet</span> <span class='ocrx_word' id='word_1_44' title='bbox 712 522 866 552; x_wconf 84' lang='lat' dir='ltr'>tantum</span> <span class='ocrx_word' id='word_1_45' title='bbox 901 513 1143 561; x_wconf 80' lang='lat' dir='ltr'>adulterum,</span> <span class='ocrx_word' id='word_1_46' title='bbox 1185 525 1267 551; x_wconf 88' lang='lat' dir='ltr'>non</span> <span class='ocrx_word' id='word_1_47' title='bbox 1296 526 1462 553; x_wconf 87' lang='lat' dir='ltr'>uxorem</span> <span class='ocrx_word' id='word_1_48' title='bbox 1478 535 1490 564; x_wconf 77' lang='lat'>5</span> <span class='ocrx_word' id='word_1_49' title='bbox 1532 515 1630 564; x_wconf 85' lang='lat' dir='ltr'>imo,</span> 
     </span>
     <span class='ocr_line' id='line_1_7' title="bbox 188 573 1630 627; baseline 0.001 -13"><span class='ocrx_word' id='word_1_50' title='bbox 188 588 262 615; x_wconf 86' lang='lat' dir='ltr'>nec</span> <span class='ocrx_word' id='word_1_51' title='bbox 283 575 408 623; x_wconf 84' lang='lat' dir='ltr'>illum,</span> <span class='ocrx_word' id='word_1_52' title='bbox 431 575 500 615; x_wconf 90' lang='lat' dir='ltr'>nifi</span> <span class='ocrx_word' id='word_1_53' title='bbox 518 575 629 615; x_wconf 86' lang='lat' dir='ltr'>domi</span> <span class='ocrx_word' id='word_1_54' title='bbox 648 574 740 623; x_wconf 82' lang='lat' dir='ltr'>suae,</span> <span class='ocrx_word' id='word_1_55' title='bbox 771 574 834 615; x_wconf 88' lang='lat' dir='ltr'>vel</span> <span class='ocrx_word' id='word_1_56' title='bbox 853 573 965 624; x_wconf 80' lang='lat' dir='ltr'>alibi,</span> <span class='ocrx_word' id='word_1_57' title='bbox 991 575 1081 627; x_wconf 86' lang='lat' dir='ltr'>post</span> <span class='ocrx_word' id='word_1_58' title='bbox 1098 574 1243 615; x_wconf 85' lang='lat' dir='ltr'>trinam</span> <span class='ocrx_word' id='word_1_59' title='bbox 1265 573 1630 625; x_wconf 83' lang='lat' dir='ltr'>denunciationem,</span> 
     </span>
     <span class='ocr_line' id='line_1_8' title="bbox 189 636 1628 690; baseline 0.001 -13"><span class='ocrx_word' id='word_1_60' title='bbox 189 638 351 678; x_wconf 80' lang='lat' dir='ltr'>testibus</span> <span class='ocrx_word' id='word_1_61' title='bbox 383 639 512 678; x_wconf 84' lang='lat' dir='ltr'>tribus</span> <span class='ocrx_word' id='word_1_62' title='bbox 540 637 755 686; x_wconf 87' lang='lat' dir='ltr'>munitam,</span> <span class='ocrx_word' id='word_1_63' title='bbox 799 636 1113 690; x_wconf 84' lang='lat' dir='ltr'>deprehensum:</span> <span class='ocrx_word' id='word_1_64' title='bbox 1162 636 1243 676; x_wconf 79' lang='lat' dir='ltr'>huic</span> <span class='ocrx_word' id='word_1_65' title='bbox 1273 643 1309 679; x_wconf 70' lang='grc' dir='ltr'>ὅ(</span> <span class='ocrx_word' id='word_1_66' title='bbox 1335 636 1628 679; x_wconf 84' lang='lat' dir='ltr'>filiamfamilias</span> 
     </span>
     <span class='ocr_line' id='line_1_9' title="bbox 188 699 1633 756; baseline 0.001 -16"><span class='ocrx_word' id='word_1_67' title='bbox 188 701 300 741; x_wconf 88' lang='lat' dir='ltr'>domi</span> <span class='ocrx_word' id='word_1_68' title='bbox 319 701 410 751; x_wconf 82' lang='lat' dir='ltr'>suae,</span> <span class='ocrx_word' id='word_1_69' title='bbox 438 701 625 756; x_wconf 84' lang='lat' dir='ltr'>generive</span> <span class='ocrx_word' id='word_1_70' title='bbox 646 700 688 740; x_wconf 93' lang='lat' dir='ltr'>in</span> <span class='ocrx_word' id='word_1_71' title='bbox 710 699 915 742; x_wconf 87' lang='lat' dir='ltr'>adulterio</span> <span class='ocrx_word' id='word_1_72' title='bbox 938 699 1224 754; x_wconf 83' lang='lat' dir='ltr'>deprehensam</span> <span class='ocrx_word' id='word_1_73' title='bbox 1243 714 1319 740; x_wconf 87' lang='lat' dir='ltr'>una</span> <span class='ocrx_word' id='word_1_74' title='bbox 1338 713 1429 741; x_wconf 89' lang='lat' dir='ltr'>cum</span> <span class='ocrx_word' id='word_1_75' title='bbox 1446 699 1633 742; x_wconf 87' lang='lat' dir='ltr'>adultero</span> 
     </span>
     <span class='ocr_line' id='line_1_10' title="bbox 188 764 944 816; baseline 0.003 -13"><span class='ocrx_word' id='word_1_76' title='bbox 188 764 373 806; x_wconf 89' lang='lat' dir='ltr'>occidere</span> <span class='ocrx_word' id='word_1_77' title='bbox 398 765 507 805; x_wconf 89' lang='lat' dir='ltr'>licet.</span> <span class='ocrx_word' id='word_1_78' title='bbox 937 809 944 816; x_wconf 53' lang='grc'><em>,</em></span> 
     </span>
    </p>

    <p class='ocr_par' dir='ltr' id='par_1_4' title="bbox 247 825 1585 883">
     <span class='ocr_line' id='line_1_11' title="bbox 247 825 1585 883; baseline 0.001 -17"><span class='ocrx_word' id='word_1_79' title='bbox 247 843 311 875; x_wconf 88' lang='lat'>15.</span> <span class='ocrx_word' id='word_1_80' title='bbox 342 826 554 880; x_wconf 85' lang='lat' dir='ltr'>Monstrosae</span> <span class='ocrx_word' id='word_1_81' title='bbox 575 831 610 867; x_wconf 60' lang='grc' dir='ltr'>εδ</span> <span class='ocrx_word' id='word_1_82' title='bbox 628 827 789 882; x_wconf 73' lang='lat' dir='ltr'>nefandae</span> <span class='ocrx_word' id='word_1_83' title='bbox 811 826 960 866; x_wconf 83' lang='lat' dir='ltr'>Veneris</span> <span class='ocrx_word' id='word_1_84' title='bbox 980 839 1101 879; x_wconf 84' lang='lat' dir='ltr'>poena</span> <span class='ocrx_word' id='word_1_85' title='bbox 1117 825 1296 867; x_wconf 86' lang='lat' dir='ltr'>fimiliter</span> <span class='ocrx_word' id='word_1_86' title='bbox 1315 826 1496 883; x_wconf 72' lang='lat' dir='ltr'>capitalis</span> <span class='ocrx_word' id='word_1_87' title='bbox 1517 829 1585 868; x_wconf 88' lang='lat' dir='ltr'>est.</span> 
     </span>
    </p>

    <p class='ocr_par' dir='ltr' id='par_1_5' title="bbox 181 888 1629 1249">
     <span class='ocr_line' id='line_1_12' title="bbox 245 888 1625 944; baseline 0.002 -16"><span class='ocrx_word' id='word_1_88' title='bbox 245 897 306 930; x_wconf 90' lang='lat'>16.</span> <span class='ocrx_word' id='word_1_89' title='bbox 338 888 498 942; x_wconf 76' lang='lat' dir='ltr'>Incestus</span> <span class='ocrx_word' id='word_1_90' title='bbox 517 890 571 929; x_wconf 86' lang='lat' dir='ltr'>est</span> <span class='ocrx_word' id='word_1_91' title='bbox 591 889 710 929; x_wconf 79' lang='lat' dir='ltr'>Coitus</span> <span class='ocrx_word' id='word_1_92' title='bbox 730 889 880 929; x_wconf 77' lang='lat' dir='ltr'>illicitus</span> <span class='ocrx_word' id='word_1_93' title='bbox 897 889 995 928; x_wconf 75' lang='lat' dir='ltr'>inter</span> <span class='ocrx_word' id='word_1_94' title='bbox 1012 903 1074 928; x_wconf 80' lang='lat' dir='ltr'>eas</span> <span class='ocrx_word' id='word_1_95' title='bbox 1094 890 1282 943; x_wconf 38' lang='lat' dir='ltr'>per—fimas,</span> <span class='ocrx_word' id='word_1_96' title='bbox 1313 905 1388 944; x_wconf 79' lang='lat' dir='ltr'>quae</span> <span class='ocrx_word' id='word_1_97' title='bbox 1411 888 1452 929; x_wconf 89' lang='lat' dir='ltr'>ob</span> <span class='ocrx_word' id='word_1_98' title='bbox 1482 892 1625 944; x_wconf 84' lang='lat' dir='ltr'>consan-</span> 
     </span>
     <span class='ocr_line' id='line_1_13' title="bbox 181 953 1628 1008; baseline 0.003 -16"><span class='ocrx_word' id='word_1_99' title='bbox 181 954 400 1008; x_wconf 79' lang='lat' dir='ltr'>guinitatem</span> <span class='ocrx_word' id='word_1_100' title='bbox 421 954 480 993; x_wconf 80' lang='lat' dir='ltr'>vel</span> <span class='ocrx_word' id='word_1_101' title='bbox 500 953 731 1004; x_wconf 79' lang='lat' dir='ltr'>adfinitatem</span> <span class='ocrx_word' id='word_1_102' title='bbox 750 953 913 1008; x_wconf 82' lang='lat' dir='ltr'>conjungi</span> <span class='ocrx_word' id='word_1_103' title='bbox 931 968 999 992; x_wconf 83' lang='lat' dir='ltr'>non</span> <span class='ocrx_word' id='word_1_104' title='bbox 1009 954 1169 1006; x_wconf 81' lang='lat' dir='ltr'>poffimt.</span> <span class='ocrx_word' id='word_1_105' title='bbox 1224 954 1331 994; x_wconf 88' lang='lat' dir='ltr'>Illud</span> <span class='ocrx_word' id='word_1_106' title='bbox 1349 954 1498 995; x_wconf 85' lang='lat' dir='ltr'>crimen</span> <span class='ocrx_word' id='word_1_107' title='bbox 1520 955 1628 996; x_wconf 86' lang='lat' dir='ltr'>inter</span> 
     </span>
     <span class='ocr_line' id='line_1_14' title="bbox 185 1016 1627 1070; baseline 0.001 -13"><span class='ocrx_word' id='word_1_108' title='bbox 185 1016 478 1065; x_wconf 82' lang='lat' dir='ltr'>adscendentes,</span> <span class='ocrx_word' id='word_1_109' title='bbox 504 1022 539 1058; x_wconf 71' lang='grc' dir='ltr'>ὃ(</span> <span class='ocrx_word' id='word_1_110' title='bbox 555 1016 834 1057; x_wconf 83' lang='lat' dir='ltr'>descendentes</span> <span class='ocrx_word' id='word_1_111' title='bbox 849 1016 1108 1066; x_wconf 84' lang='lat' dir='ltr'>commissum,</span> <span class='ocrx_word' id='word_1_112' title='bbox 1130 1017 1414 1070; x_wconf 83' lang='lat' dir='ltr'>deportatione</span> <span class='ocrx_word' id='word_1_113' title='bbox 1430 1038 1442 1069; x_wconf 80' lang='lat'><em>3</em></span> <span class='ocrx_word' id='word_1_114' title='bbox 1472 1017 1513 1057; x_wconf 92' lang='lat' dir='ltr'>in</span> <span class='ocrx_word' id='word_1_115' title='bbox 1532 1017 1627 1058; x_wconf 87' lang='lat' dir='ltr'>reli-</span> 
     </span>
     <span class='ocr_line' id='line_1_15' title="bbox 185 1079 1629 1135; baseline 0.002 -15"><span class='ocrx_word' id='word_1_116' title='bbox 185 1081 275 1134; x_wconf 87' lang='lat' dir='ltr'>quis</span> <span class='ocrx_word' id='word_1_117' title='bbox 298 1080 497 1135; x_wconf 84' lang='lat' dir='ltr'>gradibus,</span> <span class='ocrx_word' id='word_1_118' title='bbox 525 1080 738 1122; x_wconf 79' lang='lat' dir='ltr'>arbitrarie</span> <span class='ocrx_word' id='word_1_119' title='bbox 752 1081 932 1134; x_wconf 87' lang='lat' dir='ltr'>punitur.</span> <span class='ocrx_word' id='word_1_120' title='bbox 960 1099 962 1102; x_wconf 51' lang='lat'>&gt;</span> <span class='ocrx_word' id='word_1_121' title='bbox 989 1080 1127 1121; x_wconf 89' lang='lat' dir='ltr'>Hodie</span> <span class='ocrx_word' id='word_1_122' title='bbox 1144 1079 1230 1120; x_wconf 87' lang='lat' dir='ltr'>fere</span> <span class='ocrx_word' id='word_1_123' title='bbox 1249 1080 1406 1120; x_wconf 89' lang='lat' dir='ltr'>obtinet</span> <span class='ocrx_word' id='word_1_124' title='bbox 1424 1094 1548 1133; x_wconf 84' lang='lat' dir='ltr'>poena</span> <span class='ocrx_word' id='word_1_125' title='bbox 1565 1097 1629 1124; x_wconf 74' lang='lat' dir='ltr'>ca-</span> 
     </span>
     <span class='ocr_line' id='line_1_16' title="bbox 185 1143 1628 1198; baseline 0.002 -15"><span class='ocrx_word' id='word_1_126' title='bbox 185 1145 334 1198; x_wconf 76' lang='lat' dir='ltr'>pitalis,</span> <span class='ocrx_word' id='word_1_127' title='bbox 362 1144 388 1185; x_wconf 91' lang='lat' dir='ltr'>fi</span> <span class='ocrx_word' id='word_1_128' title='bbox 408 1143 601 1198; x_wconf 67' lang='lat' dir='ltr'>personae,</span> <span class='ocrx_word' id='word_1_129' title='bbox 627 1157 721 1197; x_wconf 84' lang='lat' dir='ltr'>quas</span> <span class='ocrx_word' id='word_1_130' title='bbox 752 1145 811 1198; x_wconf 82' lang='lat' dir='ltr'>jus</span> <span class='ocrx_word' id='word_1_131' title='bbox 828 1143 1008 1186; x_wconf 88' lang='lat' dir='ltr'>divinum</span> <span class='ocrx_word' id='word_1_132' title='bbox 1029 1144 1219 1198; x_wconf 84' lang='lat' dir='ltr'>conjungi</span> <span class='ocrx_word' id='word_1_133' title='bbox 1246 1158 1330 1185; x_wconf 92' lang='lat' dir='ltr'>non</span> <span class='ocrx_word' id='word_1_134' title='bbox 1348 1145 1515 1197; x_wconf 85' lang='lat' dir='ltr'>patitur,</span> <span class='ocrx_word' id='word_1_135' title='bbox 1542 1146 1628 1186; x_wconf 88' lang='lat' dir='ltr'>coi·-</span> 
     </span>
     <span class='ocr_line' id='line_1_17' title="bbox 184 1208 306 1249; baseline 0.016 -2"><span class='ocrx_word' id='word_1_136' title='bbox 184 1208 306 1249; x_wconf 89' lang='lat' dir='ltr'>erint.</span> 
     </span>
    </p>

    <p class='ocr_par' dir='ltr' id='par_1_6' title="bbox 183 1266 1636 1567">
     <span class='ocr_line' id='line_1_18' title="bbox 243 1266 1625 1325; baseline 0.003 -18"><span class='ocrx_word' id='word_1_137' title='bbox 243 1283 307 1315; x_wconf 87' lang='lat'>17.</span> <span class='ocrx_word' id='word_1_138' title='bbox 339 1270 510 1324; x_wconf 80' lang='lat' dir='ltr'><em>Stuprum</em></span> <span class='ocrx_word' id='word_1_139' title='bbox 537 1270 591 1309; x_wconf 85' lang='lat' dir='ltr'>est</span> <span class='ocrx_word' id='word_1_140' title='bbox 619 1269 716 1325; x_wconf 77' lang='lat' dir='ltr'>quod</span> <span class='ocrx_word' id='word_1_141' title='bbox 734 1268 892 1324; x_wconf 81' lang='lat' dir='ltr'>Virgini,</span> <span class='ocrx_word' id='word_1_142' title='bbox 921 1269 984 1309; x_wconf 81' lang='lat' dir='ltr'>vel</span> <span class='ocrx_word' id='word_1_143' title='bbox 1013 1268 1135 1308; x_wconf 71' lang='lat' dir='ltr'>Vidua·</span> <span class='ocrx_word' id='word_1_144' title='bbox 1155 1266 1293 1321; x_wconf 60' lang='lat' dir='ltr'>honeste&gt;</span> <span class='ocrx_word' id='word_1_145' title='bbox 1318 1268 1464 1308; x_wconf 76' lang='lat' dir='ltr'>viventi</span> <span class='ocrx_word' id='word_1_146' title='bbox 1479 1269 1556 1321; x_wconf 74' lang='lat' dir='ltr'>sine</span> <span class='ocrx_word' id='word_1_147' title='bbox 1584 1271 1625 1311; x_wconf 86' lang='lat' dir='ltr'>vi</span> 
     </span>
     <span class='ocr_line' id='line_1_19' title="bbox 183 1331 1632 1388; baseline 0 -15"><span class='ocrx_word' id='word_1_148' title='bbox 183 1333 354 1386; x_wconf 76' lang='lat' dir='ltr'>infhrtur.</span> <span class='ocrx_word' id='word_1_149' title='bbox 411 1335 505 1388; x_wconf 86' lang='lat' dir='ltr'>Ejus</span> <span class='ocrx_word' id='word_1_150' title='bbox 524 1347 647 1386; x_wconf 86' lang='lat' dir='ltr'>poena</span> <span class='ocrx_word' id='word_1_151' title='bbox 664 1334 752 1387; x_wconf 84' lang='lat' dir='ltr'>jure</span> <span class='ocrx_word' id='word_1_152' title='bbox 777 1335 965 1375; x_wconf 87' lang='lat' dir='ltr'>Romano</span> <span class='ocrx_word' id='word_1_153' title='bbox 993 1333 1034 1373; x_wconf 92' lang='lat' dir='ltr'>in</span> <span class='ocrx_word' id='word_1_154' title='bbox 1054 1333 1231 1386; x_wconf 82' lang='lat' dir='ltr'>personis</span> <span class='ocrx_word' id='word_1_155' title='bbox 1253 1331 1426 1372; x_wconf 87' lang='lat' dir='ltr'>honestis</span> <span class='ocrx_word' id='word_1_156' title='bbox 1446 1333 1501 1373; x_wconf 89' lang='lat' dir='ltr'>est</span> <span class='ocrx_word' id='word_1_157' title='bbox 1527 1334 1632 1386; x_wconf 87' lang='lat' dir='ltr'>pub--</span> 
     </span>
     <span class='ocr_line' id='line_1_20' title="bbox 183 1396 1630 1451; baseline -0.001 -12"><span class='ocrx_word' id='word_1_158' title='bbox 183 1399 324 1439; x_wconf 87' lang='lat' dir='ltr'>licatio</span> <span class='ocrx_word' id='word_1_159' title='bbox 353 1398 530 1439; x_wconf 78' lang='lat' dir='ltr'>dimidiae</span> <span class='ocrx_word' id='word_1_160' title='bbox 561 1398 684 1451; x_wconf 86' lang='lat' dir='ltr'>partis</span> <span class='ocrx_word' id='word_1_161' title='bbox 710 1399 940 1451; x_wconf 79' lang='lat' dir='ltr'>bonoru1n3</span> <span class='ocrx_word' id='word_1_162' title='bbox 969 1399 1011 1438; x_wconf 94' lang='lat' dir='ltr'>in</span> <span class='ocrx_word' id='word_1_163' title='bbox 1035 1397 1266 1446; x_wconf 83' lang='lat' dir='ltr'>humilibus,</span> <span class='ocrx_word' id='word_1_164' title='bbox 1298 1396 1486 1450; x_wconf 81' lang='lat' dir='ltr'>corporis</span> <span class='ocrx_word' id='word_1_165' title='bbox 1510 1411 1630 1438; x_wconf 79' lang='lat' dir='ltr'>coer·</span> 
     </span>
     <span class='ocr_line' id='line_1_21' title="bbox 183 1459 1636 1516; baseline -0.001 -13"><span class='ocrx_word' id='word_1_166' title='bbox 183 1462 282 1503; x_wconf 90' lang='lat' dir='ltr'>citio</span> <span class='ocrx_word' id='word_1_167' title='bbox 320 1477 407 1505; x_wconf 87' lang='lat' dir='ltr'>cum</span> <span class='ocrx_word' id='word_1_168' title='bbox 441 1461 710 1516; x_wconf 67' lang='lat' dir='ltr'>relegatione-</span> <span class='ocrx_word' id='word_1_169' title='bbox 760 1465 953 1516; x_wconf 87' lang='lat' dir='ltr'>Stuprum</span> <span class='ocrx_word' id='word_1_170' title='bbox 990 1462 1031 1503; x_wconf 88' lang='lat' dir='ltr'>vi</span> <span class='ocrx_word' id='word_1_171' title='bbox 1069 1460 1225 1501; x_wconf 77' lang='lat' dir='ltr'>illatum</span> <span class='ocrx_word' id='word_1_172' title='bbox 1257 1460 1398 1514; x_wconf 82' lang='lat' dir='ltr'>capitis</span> <span class='ocrx_word' id='word_1_173' title='bbox 1426 1459 1636 1515; x_wconf 66' lang='lat' dir='ltr'>supplicia</span> 
     </span>
     <span class='ocr_line' id='line_1_22' title="bbox 184 1525 327 1567; baseline 0.021 -3"><span class='ocrx_word' id='word_1_174' title='bbox 184 1525 327 1567; x_wconf 71' lang='lat' dir='ltr'>luitur.</span> 
     </span>
    </p>
   </div>
   <div class='ocr_carea' id='block_1_3' title="bbox 183 1631 1627 1914">
    <p class='ocr_par' dir='ltr' id='par_1_7' title="bbox 183 1631 1627 1914">
     <span class='ocr_line' id='line_1_23' title="bbox 232 1631 1624 1681; baseline 0.002 -15"><span class='ocrx_word' id='word_1_175' title='bbox 232 1633 314 1678; x_wconf 82' lang='lat' dir='ltr'>Ejus</span> <span class='ocrx_word' id='word_1_176' title='bbox 335 1632 457 1678; x_wconf 83' lang='lat' dir='ltr'>poena]</span> <span class='ocrx_word' id='word_1_177' title='bbox 502 1634 572 1666; x_wconf 83' lang='lat' dir='ltr'>Lex</span> <span class='ocrx_word' id='word_1_178' title='bbox 586 1634 696 1667; x_wconf 72' lang='lat' dir='ltr'>Attica</span> <span class='ocrx_word' id='word_1_179' title='bbox 716 1632 947 1678; x_wconf 71' lang='lat' dir='ltr'>stupratorem</span> <span class='ocrx_word' id='word_1_180' title='bbox 967 1632 1014 1666; x_wconf 80' lang='lat' dir='ltr'>ita</span> <span class='ocrx_word' id='word_1_181' title='bbox 1035 1631 1211 1673; x_wconf 86' lang='lat' dir='ltr'>multabat,</span> <span class='ocrx_word' id='word_1_182' title='bbox 1238 1642 1278 1667; x_wconf 90' lang='lat' dir='ltr'>ut</span> <span class='ocrx_word' id='word_1_183' title='bbox 1297 1632 1349 1668; x_wconf 83' lang='lat' dir='ltr'>vel</span> <span class='ocrx_word' id='word_1_184' title='bbox 1368 1631 1509 1668; x_wconf 85' lang='lat' dir='ltr'>duceret</span> <span class='ocrx_word' id='word_1_185' title='bbox 1529 1632 1624 1681; x_wconf 89' lang='lat' dir='ltr'>puel-</span> 
     </span>
     <span class='ocr_line' id='line_1_24' title="bbox 183 1679 479 1715; baseline -0.01 0"><span class='ocrx_word' id='word_1_186' title='bbox 183 1680 249 1715; x_wconf 80' lang='lat' dir='ltr'>lam</span> <span class='ocrx_word' id='word_1_187' title='bbox 266 1679 316 1714; x_wconf 84' lang='lat' dir='ltr'>vel</span> <span class='ocrx_word' id='word_1_188' title='bbox 334 1679 479 1713; x_wconf 85' lang='lat' dir='ltr'>dotaret.</span> 
     </span>
     <span class='ocr_line' id='line_1_25' title="bbox 517 1724 1075 1767; baseline 0.004 -11"><span class='ocrx_word' id='word_1_189' title='bbox 517 1727 570 1759; x_wconf 77' lang='grc' dir='ltr'>Τόν</span> <span class='ocrx_word' id='word_1_190' title='bbox 594 1725 748 1766; x_wconf 54' lang='grc' dir='ltr'>βιασαμὲἱρον</span> <span class='ocrx_word' id='word_1_191' title='bbox 774 1725 844 1767; x_wconf 71' lang='grc' dir='ltr'><strong><em>κόςκν</em></strong></span> <span class='ocrx_word' id='word_1_192' title='bbox 869 1725 945 1761; x_wconf 63' lang='lat' dir='ltr'>ati-niv</span> <span class='ocrx_word' id='word_1_193' title='bbox 970 1724 1075 1765; x_wconf 76' lang='grc' dir='ltr'>γιμὲἱν.</span> 
     </span>
     <span class='ocr_line' id='line_1_26' title="bbox 183 1771 438 1810; baseline -0.012 0"><span class='ocrx_word' id='word_1_194' title='bbox 183 1774 296 1810; x_wconf 76' lang='lat' dir='ltr'>Plaut.</span> <span class='ocrx_word' id='word_1_195' title='bbox 323 1771 438 1809; x_wconf 89' lang='lat' dir='ltr'>Aulul.</span> 
     </span>
     <span class='ocr_line' id='line_1_27' title="bbox 518 1820 1573 1866; baseline 0.004 -13"><span class='ocrx_word' id='word_1_196' title='bbox 518 1821 553 1853; x_wconf 83' lang='lat' dir='ltr'>Si</span> <span class='ocrx_word' id='word_1_197' title='bbox 575 1821 647 1866; x_wconf 82' lang='lat' dir='ltr'><em>quid</em></span> <span class='ocrx_word' id='word_1_198' title='bbox 668 1822 733 1866; x_wconf 86' lang='lat' dir='ltr'>Ego</span> <span class='ocrx_word' id='word_1_199' title='bbox 750 1831 821 1865; x_wconf 64' lang='lat' dir='ltr'>erga</span> <span class='ocrx_word' id='word_1_200' title='bbox 841 1830 872 1854; x_wconf 84' lang='lat' dir='ltr'>te</span> <span class='ocrx_word' id='word_1_201' title='bbox 893 1820 1061 1864; x_wconf 84' lang='lat' dir='ltr'>imprudens</span> <span class='ocrx_word' id='word_1_202' title='bbox 1079 1820 1215 1863; x_wconf 77' lang='lat' dir='ltr'>peccavi,</span> <span class='ocrx_word' id='word_1_203' title='bbox 1240 1828 1296 1853; x_wconf 80' lang='lat' dir='ltr'>aut</span> <span class='ocrx_word' id='word_1_204' title='bbox 1311 1820 1454 1856; x_wconf 78' lang='lat' dir='ltr'>Gnatam</span> <span class='ocrx_word' id='word_1_205' title='bbox 1476 1830 1573 1864; x_wconf 82' lang='lat' dir='ltr'>tuam,</span> 
     </span>
     <span class='ocr_line' id='line_1_28' title="bbox 518 1867 1627 1914; baseline 0.003 -12"><span class='ocrx_word' id='word_1_206' title='bbox 518 1870 570 1902; x_wconf 81' lang='lat' dir='ltr'>Ut</span> <span class='ocrx_word' id='word_1_207' title='bbox 596 1869 668 1903; x_wconf 77' lang='lat' dir='ltr'>mihi</span> <span class='ocrx_word' id='word_1_208' title='bbox 697 1868 841 1913; x_wconf 81' lang='lat' dir='ltr'>ignoscas,</span> <span class='ocrx_word' id='word_1_209' title='bbox 876 1879 1000 1914; x_wconf 84' lang='lat' dir='ltr'>eamque</span> <span class='ocrx_word' id='word_1_210' title='bbox 1026 1878 1149 1902; x_wconf 83' lang='lat' dir='ltr'>uxorem</span> <span class='ocrx_word' id='word_1_211' title='bbox 1179 1867 1252 1901; x_wconf 73' lang='lat' dir='ltr'>mihi</span> <span class='ocrx_word' id='word_1_212' title='bbox 1279 1867 1342 1910; x_wconf 81' lang='lat' dir='ltr'><em>des,</em></span> <span class='ocrx_word' id='word_1_213' title='bbox 1377 1877 1411 1902; x_wconf 77' lang='lat' dir='ltr'>ut</span> <span class='ocrx_word' id='word_1_214' title='bbox 1436 1869 1504 1904; x_wconf 84' lang='lat' dir='ltr'>LE</span> <span class='ocrx_word' id='word_1_215' title='bbox 1517 1871 1627 1911; x_wconf 81' lang='lat' dir='ltr'>GES</span> 
     </span>
    </p>
   </div>
   <div class='ocr_carea' id='block_1_4' title="bbox 186 1973 829 2022">
    <p class='ocr_par' dir='ltr' id='par_1_8' title="bbox 186 1973 829 2022">
     <span class='ocr_line' id='line_1_29' title="bbox 186 1973 829 2022; baseline -0.002 -12"><span class='ocrx_word' id='word_1_216' title='bbox 186 1977 325 2010; x_wconf 81' lang='lat' dir='ltr'>Terent.</span> <span class='ocrx_word' id='word_1_217' title='bbox 342 1973 461 2022; x_wconf 80' lang='lat' dir='ltr'>Adelp.</span> <span class='ocrx_word' id='word_1_218' title='bbox 480 1975 627 2012; x_wconf 66' lang='lat' dir='ltr'>Aemv.</span> <span class='ocrx_word' id='word_1_219' title='bbox 648 1976 742 2010; x_wconf 88' lang='lat' dir='ltr'>Scen.</span> <span class='ocrx_word' id='word_1_220' title='bbox 755 1975 829 2010; x_wconf 87' lang='lat' dir='ltr'>VH.</span> 
     </span>
    </p>
   </div>
   <div class='ocr_carea' id='block_1_5' title="bbox 516 2031 1623 2175">
    <p class='ocr_par' dir='ltr' id='par_1_9' title="bbox 516 2031 1623 2175">
     <span class='ocr_line' id='line_1_30' title="bbox 518 2031 1623 2115; baseline 0.003 -47"><span class='ocrx_word' id='word_1_221' title='bbox 518 2043 573 2068; x_wconf 80' lang='lat' dir='ltr'>DE.</span> <span class='ocrx_word' id='word_1_222' title='bbox 602 2034 682 2115; x_wconf 57' lang='lat' dir='ltr'><em>Il&#39;uebr</em></span> <span class='ocrx_word' id='word_1_223' title='bbox 697 2043 788 2068; x_wconf 78' lang='lat' dir='ltr'>natus</span> <span class='ocrx_word' id='word_1_224' title='bbox 810 2032 861 2080; x_wconf 77' lang='lat' dir='ltr'>est.</span> <span class='ocrx_word' id='word_1_225' title='bbox 910 2045 974 2068; x_wconf 75' lang='lat' dir='ltr'>Ml.</span> <span class='ocrx_word' id='word_1_226' title='bbox 1003 2035 1049 2069; x_wconf 80' lang='lat' dir='ltr'>Di</span> <span class='ocrx_word' id='word_1_227' title='bbox 1069 2031 1140 2070; x_wconf 62' lang='lat' dir='ltr'>bena</span> <span class='ocrx_word' id='word_1_228' title='bbox 1164 2042 1295 2070; x_wconf 77' lang='lat' dir='ltr'>vortant.</span> <span class='ocrx_word' id='word_1_229' title='bbox 1347 2045 1407 2071; x_wconf 78' lang='lat' dir='ltr'>DE.</span> <span class='ocrx_word' id='word_1_230' title='bbox 1431 2032 1521 2079; x_wconf 69' lang='lat' dir='ltr'>Virgo</span> <span class='ocrx_word' id='word_1_231' title='bbox 1546 2036 1623 2071; x_wconf 63' lang='lat' dir='ltr'>niba</span> 
     </span>
     <span class='ocr_line' id='line_1_31' title="bbox 623 2090 714 2114; baseline 0 0"><span class='ocrx_word' id='word_1_232' title='bbox 623 2093 653 2114; x_wconf 84' lang='lat' dir='ltr'><em>m</em></span> <span class='ocrx_word' id='word_1_233' title='bbox 673 2090 714 2114; x_wconf 72' lang='lat' dir='ltr'>et.</span> 
     </span>
     <span class='ocr_line' id='line_1_32' title="bbox 516 2127 1592 2175; baseline 0.002 -14"><span class='ocrx_word' id='word_1_234' title='bbox 516 2138 576 2162; x_wconf 88' lang='lat' dir='ltr'>M1.</span> <span class='ocrx_word' id='word_1_235' title='bbox 605 2128 734 2163; x_wconf 82' lang='lat' dir='ltr'>Audivi.</span> <span class='ocrx_word' id='word_1_236' title='bbox 790 2140 851 2163; x_wconf 81' lang='lat' dir='ltr'>DE.</span> <span class='ocrx_word' id='word_1_237' title='bbox 879 2129 924 2163; x_wconf 85' lang='lat' dir='ltr'>Et</span> <span class='ocrx_word' id='word_1_238' title='bbox 940 2128 1075 2163; x_wconf 83' lang='lat' dir='ltr'>ducenda</span> <span class='ocrx_word' id='word_1_239' title='bbox 1092 2130 1231 2164; x_wconf 82' lang='lat' dir='ltr'>indotata</span> <span class='ocrx_word' id='word_1_240' title='bbox 1254 2127 1317 2175; x_wconf 69' lang='grc' dir='ltr'>ςΙΖέ</span> <span class='ocrx_word' id='word_1_241' title='bbox 1366 2138 1431 2163; x_wconf 84' lang='lat' dir='ltr'>M1.</span> <span class='ocrx_word' id='word_1_242' title='bbox 1458 2129 1592 2164; x_wconf 81' lang='lat' dir='ltr'>Scilicet.</span> 
     </span>
    </p>
   </div>
   <div class='ocr_carea' id='block_1_6' title="bbox 183 2203 1622 2383">
    <p class='ocr_par' dir='ltr' id='par_1_10' title="bbox 183 2203 1622 2383">
     <span class='ocr_line' id='line_1_33' title="bbox 184 2203 1619 2255; baseline 0.002 -17"><span class='ocrx_word' id='word_1_243' title='bbox 184 2203 382 2240; x_wconf 83' lang='lat' dir='ltr'>Exorandus</span> <span class='ocrx_word' id='word_1_244' title='bbox 409 2217 549 2252; x_wconf 87' lang='lat' dir='ltr'>quoque</span> <span class='ocrx_word' id='word_1_245' title='bbox 574 2218 593 2240; x_wconf 89' lang='lat' dir='ltr'>a</span> <span class='ocrx_word' id='word_1_246' title='bbox 611 2216 748 2251; x_wconf 86' lang='lat' dir='ltr'>raptore</span> <span class='ocrx_word' id='word_1_247' title='bbox 777 2216 848 2241; x_wconf 88' lang='lat' dir='ltr'>erat</span> <span class='ocrx_word' id='word_1_248' title='bbox 871 2207 981 2250; x_wconf 86' lang='lat' dir='ltr'>Pater,</span> <span class='ocrx_word' id='word_1_249' title='bbox 1007 2208 1068 2254; x_wconf 84' lang='lat' dir='ltr'>qui</span> <span class='ocrx_word' id='word_1_250' title='bbox 1097 2208 1224 2255; x_wconf 81' lang='lat' dir='ltr'>nuptiis</span> <span class='ocrx_word' id='word_1_251' title='bbox 1241 2206 1358 2241; x_wconf 57' lang='lat' dir='ltr'>audior</span> <span class='ocrx_word' id='word_1_252' title='bbox 1382 2205 1478 2249; x_wconf 79' lang='lat' dir='ltr'>esset,</span> <span class='ocrx_word' id='word_1_253' title='bbox 1502 2206 1619 2252; x_wconf 85' lang='lat' dir='ltr'>Qate</span> 
     </span>
     <span class='ocr_line' id='line_1_34' title="bbox 184 2252 1622 2301; baseline 0.002 -15"><span class='ocrx_word' id='word_1_254' title='bbox 184 2252 287 2286; x_wconf 80' lang='lat' dir='ltr'>Micio</span> <span class='ocrx_word' id='word_1_255' title='bbox 304 2263 346 2286; x_wconf 86' lang='lat' dir='ltr'>ex</span> <span class='ocrx_word' id='word_1_256' title='bbox 373 2252 438 2287; x_wconf 87' lang='lat' dir='ltr'>hoc</span> <span class='ocrx_word' id='word_1_257' title='bbox 456 2264 551 2288; x_wconf 83' lang='lat' dir='ltr'>more</span> <span class='ocrx_word' id='word_1_258' title='bbox 576 2253 664 2301; x_wconf 87' lang='lat' dir='ltr'>apud</span> <span class='ocrx_word' id='word_1_259' title='bbox 682 2255 896 2297; x_wconf 85' lang='lat' dir='ltr'>Terentium,</span> <span class='ocrx_word' id='word_1_260' title='bbox 922 2266 963 2289; x_wconf 85' lang='lat' dir='ltr'>ne</span> <span class='ocrx_word' id='word_1_261' title='bbox 977 2255 1151 2301; x_wconf 79' lang='lat' dir='ltr'>AEschinmn</span> <span class='ocrx_word' id='word_1_262' title='bbox 1175 2262 1267 2288; x_wconf 86' lang='lat' dir='ltr'>metu</span> <span class='ocrx_word' id='word_1_263' title='bbox 1290 2252 1482 2288; x_wconf 65' lang='lat' dir='ltr'>amittendae</span> <span class='ocrx_word' id='word_1_264' title='bbox 1501 2253 1622 2301; x_wconf 75' lang='lat' dir='ltr'>puellae</span> 
     </span>
     <span class='ocr_line' id='line_1_35' title="bbox 183 2298 1620 2382; baseline 0.003 -49"><span class='ocrx_word' id='word_1_265' title='bbox 183 2299 360 2382; x_wconf 46' lang='lat' dir='ltr'>caci-uicit&amp;</span> <span class='ocrx_word' id='word_1_266' title='bbox 387 2298 543 2344; x_wconf 83' lang='lat' dir='ltr'>diutius,</span> <span class='ocrx_word' id='word_1_267' title='bbox 581 2313 648 2339; x_wconf 88' lang='lat' dir='ltr'>non</span> <span class='ocrx_word' id='word_1_268' title='bbox 677 2301 866 2351; x_wconf 82' lang='lat' dir='ltr'>appellatus</span> <span class='ocrx_word' id='word_1_269' title='bbox 894 2301 934 2338; x_wconf 86' lang='lat' dir='ltr'>ab</span> <span class='ocrx_word' id='word_1_270' title='bbox 957 2314 1000 2339; x_wconf 84' lang='lat' dir='ltr'>eo</span> <span class='ocrx_word' id='word_1_271' title='bbox 1028 2301 1071 2337; x_wconf 87' lang='lat' dir='ltr'>de</span> <span class='ocrx_word' id='word_1_272' title='bbox 1097 2302 1225 2351; x_wconf 82' lang='lat' dir='ltr'>nuptiis</span> <span class='ocrx_word' id='word_1_273' title='bbox 1254 2300 1349 2339; x_wconf 79' lang='lat' dir='ltr'>ultro</span> <span class='ocrx_word' id='word_1_274' title='bbox 1380 2308 1555 2338; x_wconf 76' lang='lat' dir='ltr'>exoratum</span> <span class='ocrx_word' id='word_1_275' title='bbox 1585 2301 1620 2339; x_wconf 79' lang='lat' dir='ltr'>se</span> 
     </span>
     <span class='ocr_line' id='line_1_36' title="bbox 184 2357 344 2383; baseline 0 -2"><span class='ocrx_word' id='word_1_276' title='bbox 184 2358 206 2381; x_wconf 92' lang='lat'><em>0</em></span> <span class='ocrx_word' id='word_1_277' title='bbox 235 2357 276 2383; x_wconf 88' lang='lat' dir='ltr'>en</span> <span class='ocrx_word' id='word_1_278' title='bbox 305 2359 344 2382; x_wconf 85' lang='lat'>1.</span> 
     </span>
    </p>
   </div>
   <div class='ocr_carea' id='block_1_7' title="bbox 1580 2403 1619 2439">
    <p class='ocr_par' dir='ltr' id='par_1_11' title="bbox 1580 2403 1619 2439">
     <span class='ocr_line' id='line_1_37' title="bbox 1580 2403 1619 2439; baseline 0.051 -2"><span class='ocrx_word' id='word_1_279' title='bbox 1580 2403 1619 2439; x_wconf 82' lang='lat' dir='ltr'>In</span> 
     </span>
    </p>
   </div>
  </div>
 </body>
</html>
