2059 2812
601 141 736 194 Lib.
769 139 862 191 JV.
935 137 1031 191 Tit.
1072 137 1109 187 J.
1141 164 1143 166 -
1490 118 1584 187 ’ω

216 262 278 289 10.
309 249 605 288 MANIFESTVM
634 241 702 289 est,
731 253 851 292 quum
871 240 952 278 Fur
977 237 1017 276 in
1048 234 1134 288 ipso
1153 234 1266 274 furto
1298 232 1376 283 (ἐπ’
1395 232 1590 285 αόπφώρῳ)

157 321 366 364 antequam
384 322 434 347 eo
453 304 699 358 pervenerit,
715 316 796 356 quo
809 300 960 341 furtum
980 298 1138 339 deferre
1159 297 1438 344 destinaverat,
1464 293 1595 334 adcla-

160 372 319 420 mando,
347 369 412 410 vel
430 365 672 408 accurrendo
691 361 1020 416 deprehenditur.

214 450 276 475 11.
306 438 401 477 NEC
431 442 715 471 MANIFESTVM
743 427 812 473 est,
856 425 897 464 in
924 437 1005 476 quo
1037 422 1104 461 fur
1130 435 1213 461 non
1239 424 1294 462 est
1320 421 1597 475 deprehensus,

158 499 226 539 sed
261 508 389 538 tamen
422 508 513 534 eum
543 491 672 531 furem
701 489 792 536 esse,
832 493 868 528 <St
899 484 1052 524 furtum
1084 483 1314 524 commisisse
1346 484 1482 537 negari
1513 497 1596 522 non

189 561 304 600 otest.

159 576 186 613 Ρ
219 638 280 661 12.
310 622 588 661 CONCEPTVM
606 617 674 665 est,
692 612 852 668 quando
871 625 932 652 res
950 611 1100 651 furtiva
1115 609 1267 650 solenni
1288 611 1366 650 ritu
1381 618 1446 662 per
1463 610 1598 648 lancem

161 690 195 727 &
215 686 337 726 licium
357 683 527 738 quaefita,
555 697 598 722 ac
617 678 720 733 apud
744 678 927 728 aliquem,
956 677 1027 727 qui
1046 675 1142 715 licet
1160 673 1229 714 fur
1248 688 1327 714 non
1348 673 1408 722 fit,
1438 687 1522 714 rem
1541 683 1600 714 ta-

162 762 252 787 men
273 747 462 786 furtivam
482 745 557 784 effe
578 740 752 787 sciverit,
781 738 944 777 inventa
962 736 1021 775 fit.

213 852 439 890 Adclamando
456 850 507 885 vel
525 846 758 890 accurrendo]
798 843 1013 880 Manifestum
1033 843 1141 879 furem
1158 842 1317 879 describit
1333 842 1459 888 Virgil.
1477 842 1592 886 Eclog.

163 904 230 938 HL
248 914 279 936 v.
300 912 351 938 17.
498 946 566 979 Non
592 954 643 986 ego
669 952 699 976 te
727 943 842 977 VIDI
862 941 1024 980 Damonis,
1051 941 1185 984 Pessime,
1212 948 1334 983 caprum

501 991 649 1033 Excipere
675 989 795 1035 infidiis,
822 989 948 1022 multum
965 989 1098 1020 latrante
1115 986 1242 1033 Lycisca
1259 990 1272 1019 ἓ

500 1039 546 1072 Et
561 1048 625 1070 cum
643 1034 930 1075 CLAMAREM,
956 1033 1034 1080 Q?
1052 1033 1311 1077 nuncfhproripit
1328 1033 1380 1065 Ille
1393 1035 1407 1064 ,ἓ

501 1085 615 1131 Tityre,
642 1095 710 1128 coge
722 1093 836 1128 pecus:
864 1082 910 1116 Tu
924 1083 987 1124 post
1009 1083 1126 1113 caresta
1147 1081 1273 1113 latebas.

167 1156 256 1190 Non
285 1150 352 1186 sola
371 1160 453 1183 vero
476 1145 660 1181 sufficiebat
678 1146 773 1189 vifio,
799 1145 856 1180 sed
882 1143 1060 1192 oportebat
1087 1156 1163 1178 eum
1181 1145 1243 1191 qui
1268 1142 1412 1186 viderat,
1440 1141 1475 1177 id
1494 1141 1602 1189 ipsum

169 1213 236 1248 prae
253 1199 284 1234 se
303 1196 424 1239 tuliffe,
450 1198 486 1230 &
501 1192 659 1228 indicaffe
672 1193 766 1240 quod
785 1192 887 1228 fiebat
902 1191 1048 1225 clamore
1066 1194 1102 1225 δε
1122 1189 1271 1225 accursu.

216 1286 297 1319 Nec
315 1280 525 1318 manifestum
543 1280 620 1325 est‚]
654 1280 750 1315 Furis
767 1292 819 1315 nec
834 1278 980 1325 manifesti
996 1277 1185 1324 exemplum
1204 1276 1353 1312 occurrit
1369 1274 1458 1323 apud
1476 1274 1599 1318 Virgil.

170 1330 306 1369 AEncid.
325 1342 424 1366 v111.
442 1342 472 1365 v.
488 1340 567 1374 205.

502 1378 548 1410 At
565 1376 648 1409 Furis
664 1376 738 1411 Caci
759 1386 843 1409 mens
860 1373 963 1417 effera,
985 1385 1021 1407 ne
1039 1375 1108 1419 quid
1127 1371 1264 1417 inausum

503 1425 571 1457 Aut
595 1424 780 1457 intentatum
796 1421 955 1467 scelerisve
972 1421 1066 1455 dolive
1085 1419 1188 1464 fuiffet
1202 1432 1216 1455 ῑ

503 1469 667 1516 Qttuor
684 1481 703 1502 a
716 1468 844 1513 stabulis
855 1467 1005 1512 prostanti
1018 1477 1131 1511 corpore
1149 1475 1250 1499 tauros

504 1517 640 1556 Avertit,
665 1517 787 1548 totidem
799 1512 902 1557 formai
917 1513 1077 1556 superante
1092 1516 1251 1554 juvencas.

507 1565 611 1606 Atque
631 1563 692 1604 hos,
718 1573 757 1594 ne
774 1572 833 1605 qua
852 1559 954 1604 forent
972 1560 1093 1602 pedibus
1115 1558 1237 1603 vestigia
1263 1561 1345 1591 rems

505 1607 614 1643 Caudi
640 1611 670 1642 in
686 1608 859 1653 speluncam
881 1609 1002 1647 traaas,
1032 1603 1174 1650 verfisque
1191 1607 1308 1639 viarum

508 1657 630 1690 Iudiciis
655 1664 768 1699 raptos,
788 1654 863 1697 saxo
886 1653 1055 1686 occultabat
1083 1661 1184 1695 opaco.

506 1703 702 1749 Qaerentem
725 1702 811 1734 nulla
836 1701 875 1733 acl
893 1699 1065 1744 speluncam
1079 1698 1165 1744 figna
1176 1697 1333 1741 ferebant.

509 1752 629 1783 Interea
648 1760 712 1782 cum
727 1750 794 1788 jam
812 1745 934 1792 stabulis
951 1745 1095 1789 fizturata
1120 1754 1251 1779 moveret

506 1795 786 1843 Amphitryoniades
811 1802 962 1833 armenta,
986 1793 1156 1835 abitumque
1176 1800 1325 1836 pararet:

512 1841 644 1887 Discessu
668 1844 781 1885 mugire
805 1841 899 1881 boves,
925 1848 1016 1883 atque
1038 1851 1121 1873 omne
1146 1839 1274 1883 querelis

508 1891 632 1932 Impleri
658 1900 767 1929 nemus,
794 1885 831 1921 &
853 1888 940 1921 colles
961 1888 1088 1920 clamore
1110 1887 1252 1929 relinqui,

511 1936 656 1970 Reddidit
676 1946 737 1968 una
761 1935 844 1968 boum
864 1944 974 1974 vocem,
1000 1931 1133 1977 vastoque
1149 1932 1204 1976 fiib
1222 1939 1308 1966 antro

509 1983 640 2028 Mugiit,
665 1981 702 2016 &
726 1984 801 2017 Caci
824 1980 908 2025 spem
933 1979 1070 2024 custodita
1088 1978 1217 2024 fefellit.

223 2050 361 2086 Solenni
378 2047 443 2083 ritu
462 2056 518 2093 per
536 2045 665 2079 lancem
695 2047 731 2079 &
756 2043 873 2077 licium
899 2041 1065 2088 quaefita]
1106 2042 1223 2086 Qum
1242 2041 1406 2089 pl'eraeque
1424 2040 1514 2084 seges
1529 2053 1609 2076 x11.

180 2098 369 2133 tabularum
388 2108 405 2130 e
427 2095 502 2141 jure
517 2094 632 2127 Attico
648 2092 822 2132 manarint,
848 2091 918 2123 haec
933 2102 1070 2136 quoque
1090 2089 1172 2135 furti
1193 2091 1324 2134 concepti
1345 2090 1419 2123 affio
1447 2100 1511 2122 una
1538 2100 1612 2123 cum

179 2147 248 2180 ritu
272 2140 489 2190 concipiendi
516 2152 567 2174 res
596 2138 733 2173 furtivas
750 2138 874 2172 Athenis
892 2138 1019 2172 Romam
1049 2138 1194 2180 migrare
1220 2137 1344 2183 potuit.
1397 2136 1526 2181 Neque
1556 2135 1613 2169 ali-

181 2190 271 2225 unde
289 2202 371 2234 ergo
388 2201 427 2223 ea
451 2189 579 2230 omnia,
611 2198 709 2232 quarn
738 2197 756 2219 e
780 2182 901 2218 ritibus
930 2184 1051 2217 Atticis
1078 2183 1232 2217 issustrari
1262 2192 1447 2228 potuerunt
1476 2183 1609 2215 reffius.

182 2239 254 2283 Qi
271 2236 295 2271 fi
311 2249 387 2271 cum
414 2236 553 2281 antiqua
575 2233 633 2268 illa
650 2231 881 2267 observatione
895 2243 913 2264 a
926 2229 1094 2277 Justiniano
1118 2230 1302 2266 memorata
1319 2229 1539 2270 conveniunt,
1564 2227 1614 2262 fa-

182 2285 248 2319 cile
269 2283 365 2318 nobis
392 2280 648 2328 persuadebunt,
674 2290 713 2315 ur.
726 2279 824 2314 Ritui
841 2280 999 2314 Romano
1016 2278 1128 2313 lucem
1145 2290 1163 2312 e
1184 2279 1376 2313 Graecorum
1395 2274 1542 2311 moribus
1558 2287 1614 2308 ac-

184 2331 286 2368 cendi
304 2328 393 2378 posse
414 2329 646 2364 existimemus.

1532 2377 1614 2424 Qo
