2059 2812
439 169 537 219 170
830 150 1087 207 Elmnta
1104 148 1281 222 SJurik.
1304 151 1470 209 &milis

438 254 662 310 diligentia,
691 268 767 308 qua
786 264 935 302 omnes,
963 254 1084 293 etiam
1101 252 1282 294 diffoluti
1305 253 1487 295 homines
1504 255 1564 295 uti
1584 254 1728 303 solent,
1753 262 1872 294 utun-

436 325 518 366 tur,
546 319 660 358 latam
681 318 934 357 committere
951 316 1153 358 dicuntur.

493 391 507 415 1
519 393 553 424 9-
585 381 673 433 Jam
693 377 742 418 de
763 378 880 431 culpa
899 378 985 417 haec
1000 378 1214 419 Axiomata
1232 375 1483 415 observanda
1495 377 1597 417 sunt.
1658 392 1693 418 1.
1712 381 1757 418 In
1777 390 1869 416 con-

431 440 642 489 tractibus,
670 440 711 480 in
734 441 875 494 quibus
894 453 1013 494 penes
1032 454 1154 480 unum
1180 440 1452 487 commodum,
1481 453 1599 492 penes
1618 440 1790 480 alterum
1808 439 1868 479 in-

432 504 685 544 commodum
706 506 775 554 est,
803 505 862 544 ille
889 504 1097 544 ordinarie
1123 503 1277 556 culpam
1303 504 1424 542 etiam
1443 502 1668 556 leviffimam‚
1709 504 1766 543 hic
1786 515 1868 543 non

430 566 499 607 nisi
519 568 634 608 latam
662 570 830 621 praestat.
889 584 925 609 2.
957 569 1044 609 Ubi
1073 580 1147 620 par
1165 567 1369 620 utriusque
1393 567 1668 607 contrahentis
1691 580 1867 608 commo-

430 628 526 669 dum
553 641 671 684 atque
695 630 995 671 incommodum
1023 633 1091 679 est,
1120 631 1224 683 culpa
1242 632 1361 670 etiam
1379 630 1472 669 levis
1500 631 1549 669 ab
1569 641 1740 683 utroque
1769 643 1866 683 prae-

429 692 562 733 standa
580 694 647 733 est.
710 709 745 743 3.
776 696 865 747 Qui
884 695 952 734 fiia
971 694 1112 748 sponte
1131 693 1168 733 se
1191 694 1418 734 contractui
1437 692 1604 742 obtulit,
1631 694 1695 733 vel
1712 693 1866 747 obliga·

428 755 580 796 tionem
615 756 800 810 suscepit,
841 759 882 798 in
913 772 989 811 qua
1016 757 1194 811 personae
1227 756 1419 796 industria
1446 755 1597 796 summa
1627 757 1865 809 requiritur,

423 820 599 870 quamvis
618 820 744 861 solum
764 822 1019 862 commodum
1038 820 1235 869 sustineat,
1255 831 1386 860 tamen
1407 819 1456 860 ad
1475 820 1631 873 culpam
1651 819 1861 873 levzffimam

422 891 597 923 tenetur.
654 897 693 931 4.
724 884 811 939 Qi
838 884 954 924 alteri
983 897 1066 923 rem
1085 883 1195 922 ultro
1227 883 1391 931 obtulit,
1420 897 1468 923 ex
1493 895 1570 935 qua
1596 883 1634 922 ei
1657 881 1733 922 soli
1752 895 1862 921 com-

422 944 585 984 modum
620 945 835 996 obveniat,
876 962 955 987 non
989 947 1058 987 nifi
1088 947 1178 987 latae
1213 946 1339 999 culpae
1371 947 1664 1000 praestationem
1699 947 1859 1001 exigere

419 1010 561 1061 potest.

474 1086 538 1114 20.
567 1076 657 1128 Jam
677 1074 726 1113 ad
746 1077 975 1115 commotus
994 1074 1180 1130 finguIOS,
1209 1080 1243 1116 ὃ(
1267 1073 1429 1127 quidem
1447 1074 1496 1114 ad
1520 1086 1634 1114 veros
1661 1086 1859 1114 NOMINA-

418 1147 511 1184 ·ros,
539 1150 629 1177 cum
643 1142 892 1190 Imperatore
908 1138 1212 1192 progredimini-3
1242 1150 1414 1189 quorum
1439 1137 1508 1176 alii
1541 1152 1595 1185 re,
1625 1136 1694 1176 alii
1716 1137 1854 1185 verbis,

415 1199 482 1238 alii
504 1200 660 1248 litteris,
689 1201 758 1239 alii
792 1202 955 1254 consensu
978 1202 1138 1253 capiunt
1164 1200 1453 1241 Substantiam:
1495 1201 1672 1240 Primum
1691 1200 1740 1241 de
1760 1200 1856 1250 illis,

413 1263 479 1312 qui
503 1275 556 1301 RE
578 1262 778 1313 ineuntur,
808 1262 1003 1317 agendum
1022 1262 1114 1303 erit.

941 1361 986 1409 T
1025 1374 1047 1409 1
1085 1377 1136 1410 T.
1208 1359 1322 1409 XV.

563 1456 757 1522 Qibm
781 1455 950 1510 M0d21s
978 1457 1054 1508 Re
1084 1457 1405 1509 Contrahitur
1429 1457 1686 1524 Obligatio.

464 1570 498 1595 1.
529 1556 770 1596 Contractus
786 1555 971 1596 dicuntur
990 1570 1029 1595 re
1046 1555 1159 1603 iniri,
1176 1554 1240 1595 vel
1257 1555 1376 1594 reales
1391 1556 1483 1604 effe,
1501 1570 1581 1596 non
1595 1555 1700 1609 quafi
1717 1557 1845 1599 adt-io-
1860 1585 1863 1586 ν

406 1633 496 1661 nem
513 1620 552 1659 in
573 1635 646 1660 rem
660 1620 912 1673 producant3
943 1619 1009 1660 sed
1024 1622 1117 1675 quia
1136 1634 1216 1660 non
1233 1622 1398 1674 capiunt
1411 1620 1669 1663 Substantiam
1688 1620 1730 1661 hi
1746 1636 1847 1663 con·

404 1684 566 1733 trastuS,
596 1684 665 1724 nifi
685 1684 744 1723 rei
765 1683 934 1723 traditio
955 1684 1213 1732 interveniat,
1240 1683 1305 1724 vel
1324 1683 1450 1725 datio.

455 1761 493 1787 2.
525 1748 641 1788 Tales
672 1761 719 1787 ex
755 1748 857 1788 veris
889 1753 924 1790 ὅ(
952 1749 1168 1788 nominatis
1201 1747 1290 1788 sunt
1322 1759 1512 1801 quatuor.
1570 1761 1606 1789 1.
1635 1752 1838 1792 Mutuum,

402 1826 437 1850 2.
468 1810 794 1851 Commodatum.
860 1826 893 1860 3.
923 1810 1170 1865 Depositum,
1207 1817 1242 1853 ὅ(
1274 1826 1313 1861 4.
1334 1811 1493 1866 Pignus.

459 1889 494 1922 3.
526 1877 697 1913 Mv'rvv
705 1888 738 1912 M
757 1875 811 1914 est
830 1875 1088 1924 Contradims,
1106 1888 1188 1927 quo
1207 1890 1266 1914 res
1275 1874 1473 1929 fimgibilis
1492 1874 1548 1914 ita
1565 1873 1686 1913 alicui
1705 1875 1837 1924 datur,

400 1948 443 1977 ut
474 1937 556 1991 ejus
576 1936 660 1985 fiat,
688 1944 724 1979 ὃ(
754 1937 788 1975 is
806 1937 1046 1990 quandoque
1065 1936 1297 1977 tantundem
1327 1937 1370 1976 in
1402 1935 1544 1976 eodem
1561 1949 1705 1991 genere
1724 1939 1836 1988 resti<

500 2046 671 2113 JUS
703 2045 1357 2099 ANGLICANUM.
1382 2046 1443 2098 ad
1463 2046 1720 2098 Tit.XIV.

441 2146 608 2181 Omnium
626 2144 876 2190 obligationum
892 2143 1041 2180 civilium
1057 2144 1182 2180 summa
1201 2143 1329 2180 Divisio
1344 2146 1378 2180 in
1396 2144 1465 2179 duo
1481 2156 1604 2190 genera
1621 2143 1745 2181 deduci
1770 2158 1833 2193 po-

395 2192 466 2228 test.
520 2195 614 2228 Nam
634 2203 691 2228 aut
712 2192 796 2239 Jure
821 2193 968 2228 communi
998 2192 1224 2235 constituitur,
1250 2200 1306 2226 aut
1322 2195 1456 2227 Statum.
1509 2194 1612 2228 Exem
1639 2191 1709 2228 lum
1736 2193 1830 2229 illius

393 2239 496 2275 fuerit
510 2241 654 2285 vulgaris
672 2240 742 2284 illa,
763 2252 865 2287 quam
873 2242 1023 2285 poenalem
1037 2241 1245 2283 obligationem
1259 2237 1406 2274 dicimus
1421 2243 1457 2274 &
1473 2249 1600 2274 caeterae
1640 2239 1806 2286 ujustnodi
1817 2257 1831 2283 5

393 2288 491 2335 hujus
509 2300 589 2322 vero
607 2289 755 2335 Scriptum
772 2289 808 2324 de
822 2289 945 2324 Statum
961 2287 1163 2330 Mercatorio,
1186 2289 1223 2322 ὃς
1240 2297 1453 2334 quaecunque
1468 2299 1488 2322 e
1506 2286 1629 2323 statuto
1647 2288 1742 2332 regni
1767 2287 1828 2322 ali-

393 2348 463 2383 quo
479 2334 630 2383 profluit.

1710 2389 1795 2421 tuat
1812 2396 1824 2419 :
