2059 2812
575 139 686 192 Lib.
720 138 810 194 [Π.
883 139 978 194 Tit.
1018 129 1213 194 XXVI.
1505 158 1604 198 201

179 241 299 283 cietas
318 253 424 280 verus
455 238 657 279 contrazzus
688 241 756 281 est.
812 242 858 279 In
877 237 968 279 hanc
995 238 1085 282 casu
1112 240 1234 281 etiam
1259 237 1452 290 fortuito,
1479 247 1515 283 ὃ(
1531 241 1609 283 fine

177 304 405 346 adfetstione
425 303 632 344 Societatis
649 303 885 355 incidimus3
915 305 1129 344 Societatem
1148 304 1336 345 consensu
1355 306 1510 347 inimus,

234 383 270 410 2.
302 369 370 408 Est
392 380 488 407 vero
506 368 676 409 Societas
699 365 900 406 contraHus
921 367 1164 422 Constnsualis
1184 367 1227 408 de
1247 382 1285 407 re
1300 369 1362 408 vel
1381 371 1497 422 operis
1519 384 1609 410 com-

178 431 416 481 municandis,
445 431 536 470 lucri
565 431 605 470 in
631 443 808 469 commune
830 429 997 482 faciendi
1025 432 1167 478 causd3
1212 430 1319 470 inter
1347 435 1484 473 Socios
1512 446 1609 474 vero

176 505 254 536 tam
273 496 379 535 arcta
400 494 643 535 intercedere
657 493 738 534 visa
759 494 814 534 est
830 494 1032 541 Amicitia,
1061 504 1105 533 ut
1130 497 1290 534 Fratres
1313 494 1443 534 habiti
1466 496 1552 537 fint.
1568 510 1593 529 ⁸·

235 573 272 608 3.
303 558 661 598 Communicamus
682 570 742 597 res
761 557 826 597 vel
845 571 1001 611 operae3
1041 558 1214 598 Societas
1233 572 1331 598 vero
1349 561 1404 599 est
1422 560 1487 599 vel
1504 561 1611 599 Uni-

177 621 359 675 versalis,
397 619 625 672 »φινοπςωξίως
663 621 822 673 quando
851 622 981 662 onmia
1006 620 1130 670 bona,
1172 621 1378 675 praesentia
1403 628 1438 663 ὄι
1463 621 1613 669 futura,

176 699 413 739 quocunque
431 684 556 724 titulo
569 683 736 736 quaefita‚
752 684 1091 725 communicantur
1101 704 1113 736 3
1124 684 1264 724 -vel
1280 685 1481 734 Generalis,
1490 699 1614 739 quan-

176 747 230 789 do
244 761 290 787 ea
306 758 475 796 tantum,
503 760 590 799 quae
605 760 652 785 ex
670 748 816 798 quaestu
831 746 1010 795 veniunt,
1038 760 1119 786 non
1134 758 1222 797 quae
1236 746 1397 788 aliunde
1409 748 1613 790 hominum

176 812 240 851 vel
259 810 436 850 fortunae
457 809 650 849 beneficio
679 808 912 856 adveniunt,
940 808 1283 848 communicantur
1303 830 1388 861 ;-··”
1403 811 1467 851 vel
1483 812 1613 865 Singa-

177 874 287 922 laris,
316 871 474 926 quando
495 872 559 913 vel
578 872 692 914 unius
709 871 784 920 rei,
811 871 875 913 vel
891 872 1007 912 unius
1026 871 1312 926 negotiationis
1330 874 1502 914 Societas
1520 888 1616 915 con·-

175 935 366 976 trahitur.

231 1012 271 1046 4.
302 996 510 1039 Subfistere
529 996 650 1036 etiam
678 997 808 1049 potest
837 997 1009 1038 Societas
1035 996 1243 1051 inaequalis‚
1272 997 1367 1039 licet
1388 1012 1485 1039 unus
1512 999 1616 1052 plus,

177 1061 278 1101 alter
297 1061 423 1100 minus
445 1074 492 1099 ex
511 1058 765 1100 facultatibus
794 1059 870 1100 suis
898 1058 1079 1101 conferat
1094 1081 1107 1112 ς
1145 1060 1244 1109 imo,
1273 1061 1367 1102 licet
1397 1076 1495 1102 unus
1524 1077 1615 1111 rem,

176 1122 280 1163 alter
303 1133 426 1177 operas
449 1121 644 1162 conferat.

237 1204 276 1236 5.
304 1193 444 1244 Qum
472 1187 578 1227 Socii
610 1185 682 1225 fint
715 1186 841 1226 veluti
871 1185 1029 1238 fratres,
1056 1187 1249 1240 sequitur,
1280 1199 1323 1227 ut
1353 1192 1489 1231 Socius
1513 1191 1615 1232 alter

177 1251 296 1291 alteri
322 1260 507 1290 teneatur
535 1248 584 1287 ad
603 1247 756 1300 culpam
784 1248 910 1288 levem
926 1259 1074 1301 5—-ut
1105 1249 1131 1289 fi
1156 1250 1271 1291 dolus
1299 1253 1364 1293 vel
1392 1254 1509 1307 culpa
1534 1254 1614 1297 lata

178 1314 289 1356 Socii
316 1311 652 1366 deprehendatur,
680 1312 750 1352 iste
770 1313 917 1354 merito
948 1323 1115 1354 notetur
1134 1313 1456 1369 infam155-..ut
1479 1321 1615 1361 Socius

178 1422 331 1470 undique
355 1421 396 1457 ab
414 1422 466 1465 iis,
492 1423 552 1469 qui
571 1421 723 1457 societati
748 1434 863 1468 operas
886 1422 1023 1466 dabant,
1043 1424 1187 1459 Romam
1214 1423 1451 1461 mittebantur.
1503 1427 1613 1463 Sociis

177 1471 269 1504 enim
288 1468 481 1516 hujusmodi
499 1469 691 1515 permissum
710 1479 781 1503 erat
795 1482 929 1515 corpus,
951 1471 1002 1505 vel
1018 1470 1209 1514 Collegium
1230 1470 1362 1506 habere.
1414 1472 1522 1509 Iidem
1544 1487 1615 1510 ma-

178 1517 269 1561 gistri
289 1517 496 1550 Societatum
513 1517 546 1549 in
566 1517 749 1549 Provinciis
769 1516 932 1550 habebant
950 1518 1094 1550 muneris
1112 1517 1159 1550 sui
1178 1518 1351 1552 Vicarium
1367 1518 1612 1567 Societatisque

178 1561 549 1598 Praefectum—Cic.
568 1562 667 1609 Epist.
694 1561 738 1596 ad
765 1562 882 1596 Famil.
908 1562 980 1596 Lib.
1003 1575 1055 1608 ¹3·
1084 1562 1183 1609 Epist.
1204 1565 1520 1613 9.—-Qanquam
1544 1569 1615 1602 Tibi

175 1609 298 1656 presens
316 1610 528 1651 commendavi,
555 1619 587 1643 ut
610 1610 696 1653 potui
724 1607 937 1654 diligentissime
955 1612 1149 1644 SOCIOS
1172 1612 1326 1660 Bithynia,
1352 1622 1442 1657 teque
1459 1625 1526 1648 cum
1544 1627 1614 1649 mea

179 1658 431 1692 commendatione
461 1665 526 1690 tum
552 1657 644 1690 etiam
663 1654 715 1689 rua'¹
737 1655 841 1701 sponte
863 1658 995 1690 intellexi
1021 1666 1125 1700 cupere
1155 1659 1184 1690 ei
1209 1660 1368 1700 Societati,
1393 1661 1613 1707 quibuscunque

177 1705 265 1738 rebus
278 1704 380 1748 posses,
405 1703 605 1743 commodare5
644 1711 746 1735 tamen
763 1714 827 1736 cum
855 1704 889 1744 ii,
914 1715 1036 1747 quorum
1066 1715 1113 1737 res
1134 1704 1248 1748 agitur,
1273 1707 1375 1749 magni
1397 1705 1455 1750 fica
1481 1709 1613 1754 intercsse

179 1752 408 1791 arbitrarentur,
434 1761 479 1783 me
500 1751 594 1783 etiam
607 1759 661 1793 per
677 1750 783 1783 literas
807 1750 965 1783 declarare
981 1752 1048 1793 tibi,
1074 1761 1135 1794 qua
1153 1749 1237 1794 effem
1255 1762 1327 1796 erga
1346 1751 1419 1796 ipsos
1447 1755 1614 1797 voluntate,

179 1809 236 1831 non
251 1797 385 1830 dubitavi
401 1797 458 1829 haec
473 1797 512 1829 ad
536 1796 578 1829 Te
599 1796 741 1840 scribere.
795 1797 861 1830 Volo
879 1798 957 1830 enim
982 1805 1012 1830 te
1039 1796 1219 1840 existimare,
1246 1809 1304 1839 me,
1330 1810 1396 1833 cum
1414 1801 1547 1845 univerfh
1565 1813 1617 1836 or-

179 1845 244 1878 dini
266 1845 488 1887 publicanorum
507 1844 634 1877 multum
654 1842 770 1886 semper
787 1840 968 1888 libentissime
985 1844 1152 1884 tribuerim,
1179 1843 1267 1889 idque
1279 1854 1332 1888 pro
1348 1848 1465 1890 magnis
1483 1858 1542 1888 ejus
1563 1861 1615 1883 or-

179 1892 259 1925 dinis
277 1901 349 1934 erga
366 1901 411 1923 me
427 1890 544 1923 meritis
555 1888 660 1933 facere
681 1890 832 1924 debuerim
847 1904 857 1929 3
886 1898 948 1923 tum
968 1891 998 1922 in
1016 1891 1123 1934 primis
1138 1891 1272 1924 amicum
1297 1889 1350 1934 effe
1366 1893 1434 1926 huic
1451 1895 1611 1948 Bithynice

178 1938 339 1978 Societati‚
363 1947 423 1981 qua
441 1937 576 1970 Societas
594 1937 693 1970 ordine
708 1934 777 1980 ipfh,
805 1934 842 1969 &
858 1937 1004 1970 hominum
1021 1948 1133 1981 genere
1145 1946 1218 1980 pars
1236 1937 1274 1982 est
1290 1939 1427 1972 maxima
1454 1942 1606 1975 Civitatis.

181 1983 299 2030 Constat
320 1985 397 2017 enim
422 1995 459 2016 ex
486 1987 592 2017 ceteris
609 1983 823 2017 Societatibus:
849 1980 885 2016 θ’
902 1984 971 2026 casu
983 1984 1130 2027 permulti
1149 1983 1223 2028 sunt
1240 1986 1272 2018 in
1295 1996 1332 2018 ea
1357 1986 1507 2020 Societate
1525 1986 1614 2023 valde

180 2032 254 2065 mihi
263 2028 450 2074 familiares,
476 2028 670 2072 inprimisque
686 2030 723 2070 is,
750 2031 832 2070 cujus
847 2031 1021 2074 precipuum
1038 2030 1158 2074 officium
1175 2032 1277 2076 agitur
1293 2031 1343 2065 boc
1357 2041 1485 2077 tempore
1498 2033 1532 2067 P.
1546 2034 1613 2069 Ru-

177 2078 266 2123 pilius
281 2078 318 2112 P.
330 2079 360 2110 F.
383 2077 434 2121 qui
449 2074 487 2120 est
503 2075 688 2110 MAGIST
683 2076 742 2109 ER
759 2077 790 2109 in
808 2088 845 2109 ea
861 2078 1024 2112 Societate.

231 2136 329 2170 Licet
351 2149 432 2171 unus
447 2148 531 2182 rem,
553 2136 638 2172 alter
654 2148 772 2183 operas
793 2135 979 2183 conferat.]
1008 2137 1190 2183 Eleganter
1209 2137 1343 2173 Plautus
1354 2137 1482 2176 Afinar.
1498 2141 1525 2175 1.

514 2204 577 2236 Par
589 2202 657 2246 pari
675 2201 780 2236 aarum
797 2201 998 2246 hostimentum
1015 2202 1065 2248 est,
1090 2206 1193 2247 Opera
1204 2212 1260 2247 pro
1272 2204 1414 2238 Pecunia.

232 2265 294 2299 Istc
311 2267 434 2301 merito
449 2277 585 2303 notetur
600 2268 738 2303 infamia
754 2269 785 2315 ς]
812 2271 886 2305 Cic.
907 2282 968 2317 pro
984 2270 1175 2316 QRoscio
1192 2272 1288 2307 Com.
1306 2274 1449 2307 6—31·
1465 2272 1612 2318 qualum

181 2313 304 2357 privata
324 2313 442 2355 judicia
451 2313 572 2358 summe
591 2315 823 2362 existimationis,
849 2316 886 2353 ό*
899 2316 982 2398 page
1000 2320 1100 2355 dicam
1115 2321 1235 2364 capitis,
1258 2321 1320 2353 m'a
1339 2320 1396 2353 lm
1410 2319 1498 2364 funt,
1520 2322 1612 2355 Fidu-

984 2376 1002 2399 c
1551 2369 1614 2412 cie,

1543 2152 1574 2187 3.
