2059 2812
648 142 755 195 Lib.
798 142 837 195 J.
912 140 1009 195 Tit.
1048 138 1189 196 XIII.
1572 151 1645 212 ‘49

264 263 299 295 5.
330 242 451 299 Qasi
471 243 776 292 testamentaria,
796 256 876 283 non
891 245 987 283 vere
1002 243 1294 284 testamentaria
1307 255 1408 298 ergo
1422 241 1476 282 est
1485 240 1645 292 Tutela,

205 325 292 352 cum
314 314 430 349 Pater
450 309 706 362 emancipatis
721 308 826 356 filiis,
855 307 919 346 vel
938 308 1025 346 aliis
1044 307 1220 359 quidem,
1249 306 1316 347 sed
1329 305 1540 347 Codicillis
1560 320 1642 347 non

206 372 446 414 confirmatis
469 373 702 413 testamento
723 380 902 411 tutorem
929 369 1011 417 dat,
1041 370 1109 422 qui
1138 378 1269 410 tamen
1288 370 1363 410 sine
1388 368 1640 423 inquisitione

205 451 225 476 a
241 436 478 489 Magistratu
497 434 788 476 confirmandus
805 434 882 473 est:
913 446 987 472 nec
1007 446 1086 472 non
1108 445 1197 472 cum
1215 443 1342 473 mater
1361 432 1499 472 liberis
1517 433 1642 474 haere-

203 495 316 537 dibus
337 498 525 538 institutis
545 508 726 538 tutorem
749 495 817 536 dat
846 508 936 535 cum
964 493 1222 548 inquisitione
1240 508 1262 533 a
1285 495 1523 547 Magistratu
1546 508 1641 536 con<

202 559 455 601 firmandum.

715 616 760 664 T
797 630 819 665 1
859 630 910 665 T.
980 615 1126 665 XIV.

399 714 504 784 Qi
537 711 824 781 testamento
861 714 1065 767 Tutores
1099 713 1215 764 dari
1243 712 1452 782 pffmt.

262 829 294 854 1.
327 819 471 868 Magna
500 823 631 853 autem
664 813 719 853 est
744 814 917 854 Potestas
950 814 1073 867 patris
1103 814 1145 852 in
1176 811 1310 852 dando
1337 814 1497 853 Tutore
1514 830 1522 851 :
1553 823 1640 853 tum

203 877 313 932 quod
327 878 512 930 personas
530 879 691 926 attinet,
706 890 799 931 quas
815 877 883 918 dat
899 897 908 918 z
939 889 1024 919 tum
1039 876 1150 933 quod
1166 876 1344 926 modum,
1359 876 1408 917 ad
1425 890 1541 930 quem
1555 875 1640 919 dat.²

260 957 296 984 2.
329 943 432 981 Dari
456 943 563 982 enim
583 942 820 982 testamento
839 943 1000 996 possunt
1018 945 1194 984 Tutores
1221 942 1352 981 omnis
1371 941 1526 995 generis
1539 939 1645 989 Viri,

203 1018 283 1044 non
304 1013 455 1044 tantum
476 1007 625 1052 Patres,
655 1003 721 1044 sed
739 1007 775 1044 ἄ
795 1003 1106 1055 Filii-familias3
1143 1004 1214 1057 qui
1233 1004 1274 1043 in
1296 1002 1492 1057 ejusmodi
1511 1002 1643 1057 publi-

203 1065 258 1106 cis
278 1065 506 1105 muneribus
521 1078 598 1120 pro
613 1066 797 1105 Patribus
812 1066 1025 1108 habentur.
1083 1065 1157 1106 Sed
1178 1071 1214 1108 δι
1228 1064 1417 1115 furiosus,
1442 1066 1589 1115 minor,
1608 1071 1643 1108 ὅ(

203 1130 342 1170 Servus
350 1129 525 1167 Tutores
544 1129 779 1168 testamento
797 1127 886 1168 dari
905 1129 1067 1183 poffunt
1083 1147 1092 1168 ε
1124 1141 1346 1182 quanquam
1364 1141 1485 1182 quam
1503 1127 1575 1168 diu
1593 1142 1646 1168 eo

205 1190 306 1227 statu
332 1187 438 1235 sunt,
467 1187 642 1226 officium
670 1187 867 1241 suscipere
891 1199 956 1228 aut
984 1190 1116 1229 facere
1148 1204 1230 1228 non
1262 1190 1419 1241 posfint.
1474 1190 1644 1230 Interim

205 1251 325 1297 enim,
344 1249 441 1289 dum
461 1249 634 1289 furiosus
651 1249 826 1290 nondum
844 1252 987 1291 mentis
1008 1265 1172 1305 compos
1187 1249 1316 1292 faetus
1334 1253 1404 1301 est,
1422 1266 1495 1293 nec
1509 1253 1643 1293 minor

203 1322 359 1354 aetatem
392 1326 457 1359 25.
484 1314 693 1351 Annorum
723 1310 957 1364 complevit,
991 1315 1164 1353 Curator
1187 1327 1210 1352 a
1242 1315 1481 1366 Magistratu
1510 1314 1645 1364 datur,

203 1375 271 1428 qui
293 1373 376 1414 dati
400 1374 567 1416 Tutoris
586 1373 721 1415 officio
742 1373 946 1427 fungitur,
975 1381 1010 1418 ὃ(
1030 1377 1165 1417 Tutor
1183 1377 1305 1417 etiam
1326 1376 1565 1431 quandoque
1583 1378 1646 1420 di-

202 1446 319 1478 cltur.

263 1516 296 1551 3.
327 1501 467 1540 Servus
485 1510 615 1541 autem
633 1499 822 1555 proprius
836 1502 971 1543 Tutor
988 1501 1101 1542 datus
1115 1502 1324 1552 directam,
1352 1503 1505 1544 alienus
1530 1503 1647 1558 fideif

257 1610 311 1657 350
333 1609 438 1654 Qod
454 1613 586 1646 Pecunia
601 1622 666 1645 non
683 1609 789 1645 solum
806 1622 976 1654 nummos,
1000 1609 1057 1646 sed
1074 1613 1112 1647 δε
1134 1623 1271 1648 omnem
1291 1610 1507 1649 substantiam
1526 1614 1646 1651 Testa-⁷

206 1659 302 1699 toris,
327 1659 399 1692 imo
422 1662 459 1693 &
474 1658 551 1705 jura
569 1657 818 1706 complestitur.

254 1705 415 1752 Denique
432 1717 506 1741 svAE
535 1718 598 1741 REI
622 1705 703 1740 dum
721 1704 872 1749 additur,
897 1704 932 1740 id
959 1703 1036 1740 sane
1052 1705 1265 1743 referendum
1290 1708 1336 1743 est
1358 1708 1401 1743 ad
1419 1708 1556 1753 liberos,
1582 1711 1645 1759 qui

203 1751 277 1799 jure
295 1753 403 1787 veteri
420 1763 518 1788 erant
539 1754 573 1787 in
588 1754 754 1787 Dominio
767 1753 975 1798 Qiritario,
1000 1753 1155 1801 adeoque
1170 1767 1222 1790 res
1236 1757 1402 1802 Mancipi.

253 1799 411 1834 Formula
427 1813 507 1835 vero
523 1799 625 1835 dandi
641 1801 784 1835 Tutoris
801 1799 1002 1835 testamento
1018 1802 1087 1836 haec
1104 1813 1342 1839 erat—TVTOR
1372 1816 1472 1848 asro,
1499 1802 1552 1839 vel
1578 1817 1644 1850 ”cv-4

205 1859 329 1883 rom-:M
357 1860 418 1883 no.

455 1900 630 1968 JUS
674 1901 1382 1958 ANGLICANUM.

253 1999 387 2035 Tutelae
404 1999 542 2036 verbum
562 2014 629 2037 non
646 2000 805 2049 frequens
825 2002 871 2037 est
884 2003 975 2051 apud
994 2016 1067 2048 nos,
1092 2003 1150 2040 sed
1171 2016 1358 2041 CVSTODIAE
1375 2006 1499 2054 potius.
1550 2007 1645 2043 Nam

208 2056 246 2082 ut
262 2047 380 2082 multas
394 2048 479 2095 juris
496 2047 621 2096 species
637 2063 656 2085 a
673 2051 899 2094 Normannis‚
925 2049 968 2085 sic
984 2054 1089 2086 etiam
1107 2056 1144 2088 δε
1159 2054 1337 2087 ὓίᾶἰοηες
1356 2055 1503 2088 mutuati
1521 2052 1645 2091 sumus-

208 2093 265 2129 Illi
283 2105 396 2130 autem
413 2095 625 2143 (GARmAN)
652 2109 726 2132 eum
745 2097 931 2145 appellant,
957 2110 1057 2145 quem
1075 2100 1224 2134 Romani
1242 2102 1410 2135 Tutorem
1425 2115 1436 2138 3
1460 2100 1512 2137 vel
1532 2103 1646 2149 potius

209 2142 389 2186 Tutorem,
416 2147 454 2178 &
481 2143 679 2179 Curatorem
698 2146 793 2180 unica
819 2145 883 2180 hac
909 2146 1135 2193 appellatione
1162 2147 1484 2195 comprehendunt3
1519 2150 1553 2182 in
1572 2159 1645 2193 quo

209 2199 270 2222 nos
284 2201 419 2269 qaoque
439 2202 497 2225 eos
514 2192 701 2236 imitamur,
726 2205 804 2228 eum
821 2204 921 2240 quern
937 2194 988 2229 illi
1007 2195 1214 2242 (emmim)
1231 2195 1414 2231 Custodem
1434 2195 1486 2231 vel
1504 2195 1647 2240 Cardia<¹

210 2247 290 2269 nurn
332 2246 468 2272 icentes.

246 2281 420 2336 ‘Custodes
436 2285 551 2332 itaque
570 2286 630 2321 hos
647 2287 834 2334 aliquando
847 2289 957 2324 Patris
972 2289 1140 2336 voluntas,
1158 2290 1345 2341 aliquando
1361 2289 1447 2334 legis
1462 2287 1647 2333 necessitas,

211 2328 396 2376 aliquando
414 2333 627 2377 Magistratus
643 2335 827 2372 constituit.

990 2386 1032 2424 G
1539 2396 1645 2425 com-s
