2059 2812
631 122 746 177 Lib.
780 123 872 176 JV:
947 123 1044 178 Tit.
1086 123 1167 178 Vs
1513 137 1618 188 235

179 222 182 226 “
228 232 267 267 6,
298 226 397 265 Sunt
430 229 465 266 ὃ(
499 223 576 265 alia
608 224 713 279 quafi
745 224 908 274 delicta,
935 224 1077 266 veluti.
1115 226 1166 267 V.
1196 226 1367 264 stER
1382 233 1614 263 IGORDIA

171 304 188 330 1
200 305 227 332 N
241 303 270 330 T
284 303 306 330 E
318 304 379 330 MP
391 302 414 328 Ε
425 303 441 329 s
453 302 481 329 ‘r
493 305 506 330 1
517 305 588 340 vA‚
618 305 694 345 qua
713 290 832 331 alteri
851 290 1049 339 nocitum,
1077 294 1113 330 ὅ(
1134 301 1158 329 e
1172 303 1198 329 o
1209 301 1276 330 NN
1289 300 1434 329 1vENT
1446 300 1504 335 IA,
1533 299 1613 340 qua

170 355 257 408 quis
271 353 425 406 patitur
438 352 627 396 delictum
643 354 745 403 fieri,
764 353 874 407 quod
891 360 927 395 &
946 363 1123 407 poterat,
1142 357 1178 394 ὃ(
1192 350 1363 392 debebat
1381 349 1611 406 prohibere.

713 466 755 514 T
795 479 815 514 1
853 482 903 514 T.
973 463 1067 513 VI.

675 561 756 613 De
790 562 1098 614 Adiom'bm.

228 678 262 706 1.
294 666 427 705 Omne
445 663 504 718 jus
522 660 587 703 vel
605 661 654 701 ad
678 661 880 715 personaS,
907 661 972 702 vel
991 660 1042 701 ad
1061 673 1137 709 res,
1162 657 1229 700 vel
1248 658 1296 698 ad
1317 659 1506 699 Auiones
1524 671 1613 712 per-

172 726 302 768 tinere
323 728 441 780 supra
458 723 698 765 monuimus.
757 724 976 776 Explicatis
997 735 1097 777 ergo
1112 722 1277 779 Juribus
1302 721 1560 775 personarum
1577 726 1613 763 ὃ(

173 804 322 839 rerum,
350 790 399 831 de
419 801 688 830 ACT10NIBvs
710 787 908 841 agendum
926 787 1019 827 erit.
1255 789 1257 791 ’

228 867 268 893 2.
301 853 422 893 Actio
455 850 558 891 nihil
586 849 695 889 aliud
724 851 793 899 est,
822 863 938 903 quam
954 850 1018 904 jus
1031 847 1270 905 persequendi
1291 847 1330 887 in
1347 847 1496 902 judicio,
1524 847 1621 902 quod

158 912 230 966 fibi
250 913 422 966 debeam-5
454 913 495 953 id
513 913 582 961 est,
610 913 779 967 potestas
799 919 834 953 ὄι
848 910 1012 952 facultas
1028 911 1190 967 agendi,
1217 924 1290 965 qua
1309 909 1414 964 apud
1429 909 1613 966 Judicem

171 975 258 1029 quis
278 976 397 1030 petit,
425 974 535 1028 quod
557 974 625 1015 fibi
644 974 731 1014 dari
752 986 819 1015 aut
840 974 997 1015 restitui
1015 974 1149 1016 debet.

298 1084 459 1151 JUS
507 1081 1176 1137 ANGLICANUM.
1217 1083 1277 1134 ad
1304 1083 1489 1134 Tit.V.

221 1183 335 1218 Hodie
353 1196 427 1230 pars
445 1195 518 1229 quae
534 1183 666 1228 judicio
684 1183 714 1217 se
732 1182 809 1217 laedi
826 1181 939 1226 sentit,
967 1183 1097 1218 causam
1117 1192 1278 1229 pra-:textu
1296 1183 1422 1216 erroris
1439 1182 1616 1225 commiffi,

174 1230 197 1266 s1
218 1233 311 1265 curia
333 1232 375 1265 de
392 1229 551 1265 Recordo
570 1229 608 1263 sit
624 1247 635 1271 ς
661 1230 742 1264 alias
770 1242 828 1276 per
843 1230 941 1265 breve
958 1230 1001 1264 de
1019 1230 1100 1265 falso
1115 1230 1248 1277 judicio
1265 1228 1307 1263 ad
1330 1229 1423 1263 aliud
1448 1229 1616 1267 Tribunal

175 1281 290 1326 potius
309 1287 471 1319 removet,
497 1280 533 1312 ὃς
552 1276 723 1311 sentcntiae
742 1279 863 1325 prioris
881 1278 1154 1312 emendationem
1172 1278 1269 1324 petit.

224 1325 464 1369 Obligationes
480 1333 593 1358 tamen
612 1324 731 1372 aliquae
750 1337 791 1358 ex
807 1324 896 1370 quasi
915 1325 1041 1360 defleto
1060 1325 1115 1360 hic
1134 1336 1275 1372 quoque
1292 1323 1351 1358 usu
1366 1324 1515 1358 veniunt.
1568 1325 1619 1358 Ex

175 1372 267 1420 quasi
290 1372 418 1408 delicto
437 1372 526 1406 enim
543 1370 699 1406 videntur
726 1373 832 1407 teneri
851 1374 1026 1416 centuriae,
1052 1384 1135 1419 quas
1152 1384 1348 1408 HVNDREDA
1372 1369 1532 1413 dicimus,
1557 1383 1620 1418 pro

175 1419 448 1467 compensatione
462 1421 749 1461 Latrociniorum‚
777 1432 850 1465 quae
868 1421 901 1453 in
921 1421 961 1453 iis
980 1428 1170 1467 perpetrata
1186 1417 1272 1461 sunt,
1299 1416 1359 1452 nisi
1376 1418 1542 1452 latronem
1561 1430 1619 1465 ap-

175 1466 436 1514 prehenderint;
464 1470 498 1501 &
513 1465 612 1500 Villae
632 1468 831 1514 propinquae
845 1466 923 1501 loco
942 1467 1056 1509 alicui,
1078 1468 1111 1501 in
1128 1479 1199 1513 quo
1214 1464 1296 1500 foffa
1313 1465 1365 1500 vel
1383 1464 1477 1512 sepes
1495 1464 1624 1500 illicite·

176 1526 235 1560 per
252 1514 404 1548 homines
418 1515 551 1557 ignotos
566 1511 736 1558 dejicitur.

223 1561 388 1596 Similiter
406 1565 443 1596 &
464 1561 632 1594 Dominus
650 1559 841 1594 communis
865 1559 1018 1606 hospitii,
1043 1558 1067 1593 fi
1094 1559 1235 1594 serviens
1254 1558 1306 1593 vel
1324 1559 1399 1605 quis
1426 1558 1510 1593 alius
1528 1560 1619 1593 intra

176 1608 372 1655 hospitium,
399 1609 470 1654 ejus
496 1607 620 1651 hospiti
641 1609 799 1653 cuiquam
827 1609 981 1653 pecunias
1007 1608 1095 1642 intra
1115 1607 1299 1654 hospitium
1330 1605 1551 1648 subduxerit5
1585 1607 1621 1642 δε

177 1657 282 1690 custos
302 1655 466 1697 Carceris,
491 1652 514 1687 fi
531 1653 730 1688 domesticus
747 1654 817 1701 ejus
831 1656 1075 1689 incarceratum
1093 1654 1245 1702 aliquem
1264 1651 1444 1697 dimiserit,
1469 1665 1510 1688 ex
1527 1653 1618 1701 quafi

175 1702 303 1738 delieto
320 1704 427 1737 teneri
444 1700 610 1736 videntur.

226 1772 324 1805 Attio
344 1770 428 1805 nihil
447 1769 539 1805 aliud
556 1769 599 1804 est
617 1770 705 1816 &c.]
745 1769 1044 1816 Qemadmodum
1064 1771 1117 1817 jus
1146 1769 1239 1805 aliud
1262 1771 1421 1814 privatum
1446 1769 1502 1813 est,
1528 1769 1620 1806 aliud

173 1819 325 1863 publicum
340 1835 350 1860 3
387 1820 434 1852 ita
465 1821 501 1852 ὃς
528 1816 669 1864 judicia'
684 1818 772 1863 apud
795 1821 969 1852 Romanos
995 1817 1058 1851 alia
1083 1820 1222 1862 privata,
1261 1817 1322 1851 alia
1354 1819 1475 1862 publica
1507 1828 1615 1853 erant.

180 1869 337 1911 Utraque
356 1864 512 1907 breviter,
529 1865 574 1898 ast
591 1866 743 1898 accurate
759 1865 848 1899 hunc
863 1867 897 1899 in
914 1864 1052 1898 modum
1068 1865 1243 1908 distinguit
1256 1865 1331 1898 Cic.
1347 1876 1407 1910 pro
1420 1865 1612 1900 A.Coecina.

179 1914 378 1947 ——Omnia
389 1913 507 1955 judicia
525 1921 579 1945 aut
597 1911 852 1956 distrahendarum
869 1911 1136 1958 controverfiarum,
1160 1922 1214 1945 aut
1225 1913 1441 1957 puniendorum
1456 1913 1614 1957 maleficio-

181 1972 244 1994 rum
263 1958 356 1994 causi
374 1969 493 2003 reperta
510 1958 594 2003 sunt.
647 1961 780 1994 Privatis
797 1972 878 2003 ergo
896 1958 1042 2006 Judiciis
1061 1958 1219 2005 quisque,
1247 1957 1341 2005 quod
1367 1957 1420 1992 sua
1445 1959 1618 2002 intererat,

181 2005 464 2054 persequebatur,
487 2007 611 2051 publicis
628 2006 679 2040 vel
699 2006 767 2052 ipse
782 2007 924 2054 populus
939 2018 990 2049 ea,
1014 2017 1087 2051 quoe
1100 2005 1292 2053 reipublicae
1307 2005 1506 2039 detrimenti
1519 2005 1618 2052 quid-

181 2065 280 2099 quam
298 2053 428 2088 adferre
446 2051 654 2099 potuiss'ent5
682 2053 732 2088 vel
751 2054 921 2088 accusator
938 2053 1054 2100 populi
1079 2055 1219 2088 nomine
1243 2053 1384 2087 crimina
1402 2051 1540 2099 publico
1558 2052 1618 2087 de·

181 2100 295 2135 decori
317 2099 429 2136 futura
444 2099 647 2135 vindicabat.
704 2103 756 2135 De
770 2103 896 2147 publicis
914 2099 998 2135 infra
1020 2099 1061 2135 ad
1080 2102 1153 2136 Tit.
1171 2101 1316 2142 XVIII,
1343 2099 1385 2135 de
1404 2101 1536 2146 privatis
1554 2100 1618 2134 hoc

182 2151 219 2182 &
244 2147 458 2195 sequentibus
485 2147 594 2182 titulis
615 2159 762 2190 agemus.

232 2196 361 2229 Privata
380 2206 461 2237 ergo
481 2194 618 2241 judicia
635 2194 709 2229 sunt
725 2194 1026 2231 controversiarum
1044 2194 1085 2231 de
1104 2195 1202 2230 rebus
1220 2195 1359 2242 privatis
1376 2193 1535 2239 legitimae
1553 2192 1618 2227 dis-

184 2242 358 2285 cussioncs,
384 2244 608 2285 cognitioneS,
635 2246 671 2277 ὃ(
691 2243 1149 2277 Definitiones.-Eorutn
1165 2254 1265 2288 porro
1281 2244 1367 2276 ratio
1386 2242 1454 2275 haec
1469 2250 1549 2274 erat.

233 2291 267 2325 Si
283 2288 377 2323 domi
398 2289 485 2322 inter
503 2290 628 2323 amicos
646 2289 686 2324 lis
705 2292 864 2337 componi
881 2303 948 2325 non
965 2290 1133 2337 potuiffet,
1157 2289 1267 2336 (quod
1285 2299 1397 2323 tamen
1425 2288 1619 2334 pierumque

186 2335 404 2382 tentabatur)
430 2334 485 2370 die
512 2335 768 2384 postulationum
796 2339 922 2385 petitor
945 2336 1168 2373 adversarium
1186 2341 1218 2373 in
1233 2340 1280 2380 jus
1308 2336 1443 2379 vocabat,
1470 2335 1534 2368 hoc
1560 2335 1619 2379 est,

859 2387 889 2420 G
916 2398 936 2430 g
962 2398 983 2421 2
1482 2384 1620 2429 rogabat,
