2059 2812
426 152 498 214 84
859 143 1118 194 Elementa
1153 143 1299 208 Jur7>s
1335 144 1506 196 Civilia

481 258 546 294 24.
580 243 728 297 Confhfio
753 242 809 282 est
836 255 925 282 cum
952 240 1143 290 duorum,
1170 242 1396 294 pluriumve
1425 255 1484 282 res
1517 244 1662 298 liquidae
1683 243 1857 284 invicem

424 308 654 356 miscentur,
682 320 768 359 quae
786 306 889 345 fiunt
908 318 1137 345 communes
1155 303 1181 344 fi
1210 303 1416 357 utriusque
1438 307 1647 349 voluntate
1676 320 1743 348 aut
1770 307 1859 347 casu

424 371 600 412 fortuito
628 367 803 410 confusae
820 367 907 409 fint.
965 369 1074 409 Alias
1102 367 1209 407 illius
1237 368 1317 407 erit
1342 369 1521 418 materia5
1548 371 1618 423 qui
1644 370 1859 424 ignorante

424 434 568 482 altero,
599 430 830 473 confusione
849 445 994 471 novam
1013 431 1185 485 speciem
1211 430 1322 471 fecit.
1382 429 1554 472 Nisi->res
1572 433 1744 474 fortuito
1771 431 1860 472 casu

425 495 599 538 confusae
618 495 831 537 commode
849 495 1023 548 separari
1041 494 1199 547 possint.

469 575 501 598 ‘2
508 575 544 608 5.
578 559 793 600 commixtio
813 559 868 599 est
896 571 987 598 cum
1005 557 1184 610 plurium
1203 568 1263 596 res
1282 555 1406 608 solidae
1438 558 1610 597 invicem
1629 557 1861 605 miscentur,

422 635 511 675 quae
528 622 555 662 fi
572 622 778 674 utriusque
796 621 1006 663 voluntate
1025 619 1070 659 fit
1088 619 1206 668 facta,
1235 633 1380 672 corpus
1398 621 1462 660 vel
1481 632 1667 660 acervum
1685 634 1862 663 commu-

423 696 527 725 nem«
542 683 655 724 facit.
716 683 757 723 Si
785 682 888 733 casu,
926 683 989 722 vel
1018 682 1147 722 altero
1180 682 1393 736 ignorante
1418 683 1661 736 contigerit,
1698 678 1862 724 dabitur

423 746 663 801 utriquerci
683 745 760 787 suae
780 746 1004 787 vindicatio
1024 746 1132 799 cujus
1149 745 1282 785 forma
1302 745 1464 798 quidem
1489 759 1573 785 non
1601 747 1860 797 est‚1nutata;

423 808 491 850 scd
510 821 643 851 tamen
662 810 755 862 quia
774 808 923 864 singula
943 823 1063 863 grana
1082 808 1296 849 difficulter
1316 809 1512 850 vindicari
1533 810 1718 862 possunt,
1754 808 1860 862 quis-

424 885 500 925 quc
519 888 566 913 ex
585 872 804 913 commixto
822 886 965 913 acervo
984 882 1139 926 partem
1158 872 1278 925 capit,
1306 877 1340 912 ὅ(
1360 872 1490 927 Judex
1508 872 1729 912 arbitratur
1746 872 1861 924 quale

422 935 608 989 cujusque
626 934 867 976 frumentum
885 935 1023 984 fuerit,
1052 942 1087 977 ὅζ
1106 945 1295 988 quantum
1315 935 1494 987 pecuniae
1513 949 1563 974 eo
1582 935 1746 974 nomine
1765 934 1862 973 alte-

422 1011 511 1037 rum
532 997 650 1038 alteri
669 1000 852 1050 praestare
870 1012 1024 1052 aequum
1041 998 1084 1039 fit
1101 1019 1112 1050 3
1143 1008 1187 1037 ut
1206 997 1342 1037 eadem
1363 999 1447 1038 fere
1467 996 1511 1036 sit
1530 998 1746 1045 restitutio,
1774 1011 1861 1051 quae

421 1062 465 1100 in
483 1060 743 1102 Confufione.

471 1133 538 1165 26.
570 1125 764 1180 AdjunHio
784 1127 852 1173 est,
881 1125 1041 1178 quando
1068 1125 1196 1165 aliena
1221 1138 1281 1164 res
1309 1124 1484 1163 materiae
1512 1125 1655 1162 nostrae
1682 1124 1862 1178 adjungi-

420 1196 503 1233 tur,
531 1186 582 1224 de
601 1199 678 1236 qua
696 1188 780 1226 haec
799 1188 854 1224 est
872 1185 1030 1237 regula:
1075 1187 1338 1238 Qaecunque
1358 1194 1418 1221 res
1437 1182 1600 1222 alterius
1618 1184 1679 1223 rei
1699 1184 1754 1224 ita
1772 1186 1862 1237 jun-

419 1249 531 1301 gitur
549 1258 593 1288 ut
611 1247 677 1287 vel
696 1261 788 1301 pars
803 1247 884 1301 ejus
901 1248 983 1296 fiat,
1012 1246 1076 1287 vel
1089 1245 1167 1285 fine
1190 1260 1235 1286 ea
1256 1255 1300 1284 ut
1316 1244 1579 1285 fundamento
1595 1245 1667 1286 suo
1683 1248 1760 1287 effe
1779 1262 1862 1289 non

421 1309 557 1362 possit,
586 1308 694 1350 cedit
714 1310 753 1349 ei
781 1309 847 1348 cui
874 1308 1074 1362 jungitur,
1103 1316 1149 1346 ut
1167 1310 1347 1359 Purpura
1365 1306 1475 1353 vesti,
1507 1305 1731 1348 AEdificium
1760 1309 1863 1359 solo,

421 1374 625 1426 Scriptura
644 1371 817 1423 chartae3
847 1370 1044 1425 Exceptio
1062 1371 1116 1411 est
1136 1371 1176 1410 in
1199 1370 1360 1411 Pictura
1384 1369 1437 1409 ob
1464 1371 1729 1422 praestantiam
1749 1375 1857 1414 artis.

421 1434 658 1476 Ridiculum
674 1434 782 1474 enim
796 1434 955 1487 putavit
967 1438 1193 1486 Imperator
1207 1433 1410 1473 Picturam
1424 1431 1578 1486 Apellis
1593 1435 1654 1474 vel
1670 1436 1862 1476 Parrhafii

420 1498 463 1537 in
483 1498 738 1539 acceffionem
756 1498 945 1538 vihffimae
971 1496 1117 1536 tabulae
1143 1495 1298 1537 cedere.

474 1562 664 1603 “Mirum
695 1574 795 1601 vero
821 1562 889 1610 est,
918 1558 1221 1616 Jureconsultos
1246 1562 1468 1607 Romanos,
1497 1573 1669 1612 quorum
1699 1562 1860 1614 quidam

421 1626 501 1666 “id
528 1627 569 1666 in
593 1623 751 1680 pietur&
774 1626 1055 1675 observarunt,
1084 1639 1168 1664 non
1195 1624 1299 1664 idem
1323 1624 1545 1664 observ-‚isse
1573 1625 1616 1664 in
1638 1624 1864 1679 scripturz‘i3

420 1689 561 1743 “quafi
587 1690 709 1744 magis
735 1689 949 1730 ferendum
976 1690 1086 1737 effer,
1128 1688 1364 1741 scripturam
1390 1688 1469 1727 viri
1500 1687 1611 1727 doffi
1645 1688 1785 1729 cedere
1817 1692 1860 1732 in

421 1753 711 1797 “acceffionem
743 1753 931 1795 viliffimae
967 1752 1142 1801 chartae,
1188 1765 1306 1805 quam
1334 1751 1505 1791 Pictoris
1536 1751 1858 1795 absolutiffimum

422 1825 558 1872 “opus
584 1816 726 1858 cedere
745 1817 787 1856 in
814 1815 1067 1858 acceffionem
1089 1815 1277 1857 viliffimae
1296 1815 1479 1856 tabulae.’'

474 1897 540 1927 27·
558 1880 771 1933 Acceffionis
787 1881 912 1922 mixtae
926 1880 1074 1934 species
1090 1879 1180 1920 sunt
1202 1878 1463 1919 1.Plantatio.
1497 1894 1533 1918 2.
1551 1878 1671 1918 Satio.
1708 1893 1741 1926 3.
1758 1882 1858 1920 Fru-

421 1946 558 1986 eruum
578 1946 800 1999 perceptio.

472 2013 539 2048 28.
571 2008 712 2049 Planta
728 2010 814 2063 jure
827 2006 903 2048 soli
920 2006 999 2061 ejus
1017 2007 1111 2054 erit,
1130 2006 1240 2062 cujus
1257 2007 1311 2047 est
1328 2005 1469 2053 solum,
1489 2003 1545 2042 ita
1565 2011 1610 2041 ut
1628 2015 1679 2042 ne
1694 2004 1855 2055 quidem

421 2083 537 2115 eruta
553 2073 751 2114 vindicari
769 2088 791 2113 a
807 2070 976 2126 pristino
993 2070 1177 2111 Domino
1204 2069 1334 2124 poffit,
1362 2066 1581 2109 dummodo
1601 2065 1752 2114 radices
1769 2082 1858 2122 ege-

421 2137 490 2177 rit.
547 2136 683 2177 Arbor
701 2137 744 2175 in
773 2134 950 2176 confinio
976 2132 1115 2188 posita,
1142 2133 1168 2173 fi
1189 2134 1310 2174 etiam
1340 2132 1381 2172 in
1398 2130 1521 2173 vicini
1550 2128 1679 2168 fundo
1706 2129 1857 2170 radices

422 2198 565 2253 egerit,
593 2198 809 2239 communis
826 2197 884 2236 fit.

478 2277 543 2311 29·
573 2262 699 2310 Idem,
726 2261 836 2315 quod
867 2260 917 2300 de
943 2257 1103 2311 plantis,
1130 2256 1342 2298 dicendum
1360 2257 1415 2296 est
1435 2256 1484 2296 de
1505 2256 1633 2309 Satis3
1665 2256 1853 2297 nimirum

422 2328 511 2368 Sata
527 2326 610 2381 ejus
627 2326 719 2377 effe,
745 2325 855 2379 cujus
873 2323 927 2364 est
946 2321 1087 2371 solum,
1109 2321 1200 2374 quia
1217 2320 1369 2362 fructus
1386 2334 1467 2360 non
1483 2320 1569 2375 jure
1585 2319 1757 2369 seminis,
1774 2318 1852 2422 sfeld

1794 2397 1817 2422 o
1837 2397 1850 2422 i
