2059 2812
596 146 709 199 Lib.
747 146 838 199 III.
912 144 1009 200 Tit.
1050 145 1217 201 XXX.
1519 163 1617 199 211

178 250 254 291 nis.
312 246 524 301 Obligatio
547 259 647 288 vero
678 246 797 287 semel
824 247 1036 288 constituta
1067 247 1229 288 tollitur
1253 244 1318 289 vel
1340 245 1414 300 ipr
1430 244 1528 300 jure,
1556 245 1620 286 vel

179 325 241 371 ope
256 313 505 367 Exceptionis.

233 396 271 420 2.
305 377 365 419 Ad
383 377 553 431 primum
571 389 690 430 genus
705 376 912 429 pertinent
928 373 971 413 hi
990 373 1114 414 modi.
1178 389 1212 415 1.
1244 373 1416 416 Solutio.
1474 387 1511 413 2.
1542 373 1620 412 Ac-

178 441 402 495 ceptilatio.
477 456 510 489 3.
541 440 737 481 Novatio.
801 453 840 487 4.
870 438 1108 477 Contrarius
1135 437 1370 478 Consensus.
1445 452 1481 485 5.
1513 437 1621 476 Con-

176 504 292 545 fufio.
354 513 390 545 6.
423 503 672 556 Obfignatio.
731 516 767 548 7.
798 500 1096 553 Compensatio.

236 584 269 617 3.
300 572 412 607 Inter
436 566 576 608 modos
595 565 776 606 solvendi
795 564 1064 618 obligationes
1091 578 1139 603 ex
1161 564 1287 617 paritis
1302 561 1505 609 oriundas,
1531 562 1619 613 qui-

175 630 325 685 busque
348 630 449 671 adeo
481 629 610 671 officia
642 628 734 669 inde
763 628 1039 682 promanantia
1064 627 1182 681 plane
1209 627 1424 681 exspirant,
1449 623 1620 665 maxime

175 695 366 735 naturalis
397 696 451 735 est
480 707 706 743 EXPLETIQ
734 693 802 733 seu
832 705 1024 733 soLVT1o
1056 692 1139 746 ejus
1156 691 1206 731 de
1223 705 1305 744 quo
1322 691 1404 731 fuit
1431 691 1620 730 Conven-

175 768 273 799 tum.
329 758 416 799 Ubi
434 758 529 799 licet
554 756 795 810 regulariter
825 757 857 795 is
883 756 953 809 qui
973 753 1106 805 debet,
1134 754 1290 795 solvere
1316 764 1528 793 teneatur:
1560 763 1618 792 ta-

174 836 264 862 men
284 821 309 861 fi
328 821 529 873 praestatio
543 820 611 860 fiat
630 818 679 858 ab
699 817 794 868 alio,
823 818 986 860 nomine
1000 818 1096 872 ejuS,
1125 817 1194 871 qui
1215 817 1506 872 obligationem
1523 829 1618 856 con-

175 885 312 933 traxit,
341 885 425 926 haec
453 883 706 925 diffolvitur:
750 883 942 937 siquidem
970 883 1064 922 alias
1097 882 1202 921 nihil
1229 882 1401 931 interfit,
1442 880 1508 921 abs
1535 894 1617 933 quo

172 948 351 1002 expletio
370 949 451 989 fiat.
508 951 570 987 Ita
590 957 736 995 tamen,
764 957 809 986 ut
833 947 904 1000 qui
924 959 1000 999 pro
1019 946 1147 986 altero
1171 946 1306 985 animo
1331 959 1414 985 non
1439 941 1618 983 donandi

173 1011 310 1061 solvit,
338 1012 386 1050 ab
406 1011 485 1050 hoc
504 1010 614 1063 quod
637 1011 834 1063 erogavit,
864 1020 1047 1063 repetere
1066 1019 1196 1062 queat.
1255 1007 1496 1048 Solvendum
1517 1020 1617 1059 prae-

173 1081 283 1114 terea
302 1074 339 1114 ei
359 1073 423 1115 cui
447 1073 632 1121 debetur,
661 1082 731 1111 aut
757 1086 874 1125 quem
907 1071 973 1112 hic
1000 1070 1215 1124 delegavit,
1243 1080 1288 1109 ut
1312 1069 1427 1124 ipfius
1454 1068 1617 1108 nomine

173 1132 356 1174 debitum
387 1133 569 1186 recipiat.
636 1135 690 1171 Et
729 1131 901 1184 denique
933 1131 1036 1171 illud
1068 1131 1196 1184 ipsum
1222 1129 1507 1183 praestandum,
1546 1139 1616 1168 aut

174 1191 423 1242 solvendum,
452 1194 502 1233 de
521 1206 601 1245 quo
628 1203 866 1233 conventum
894 1191 988 1240 fuit,
1016 1206 1099 1232 non
1125 1191 1233 1231 aliud
1262 1193 1344 1245 ejus
1364 1193 1454 1232 loco
1476 1210 1483 1230 ε
1514 1191 1617 1231 inte-

173 1267 306 1307 grum,
334 1269 414 1295 non
438 1256 639 1304 mutilum,
667 1270 749 1295 non
777 1267 865 1308 pars
886 1254 1092 1302 duntaxat,
1120 1268 1201 1293 non
1221 1253 1406 1302 divisum,
1435 1252 1529 1292 loco
1550 1254 1616 1293 iti-

174 1314 264 1355 dem
283 1323 317 1358 &
347 1326 528 1369 tempore
546 1326 761 1357 convento.
818 1315 898 1354 Etsi
924 1314 1025 1368 saepe
1044 1315 1264 1355 humanitas
1290 1313 1519 1361 creditoris,
1546 1323 1614 1354 aut

172 1378 412 1432 impotentia
428 1380 624 1421 debitoris
643 1379 797 1435 subigat
816 1379 1031 1419 terminum
1051 1377 1261 1418 solutionis
1282 1389 1519 1431 prorogare,
1546 1385 1616 1417 aut

172 1441 396 1497 diffindere,
425 1446 488 1486 vel
503 1445 622 1484 etiam
637 1443 745 1485 aliud
760 1459 835 1499 pro
851 1443 932 1484 alio
947 1443 1142 1497 accipere.

222 1553 391 1590 Sor-vno
417 1554 488 1601 ejus
506 1553 548 1588 de
565 1565 634 1600 quo
653 1552 717 1587 fuit
737 1551 975 1598 Conventum]
1013 1548 1262 1597 Antiquiffirnis
1279 1548 1487 1596 temporibus
1507 1550 1613 1583 maxi-

174 1613 247 1634 mus
265 1613 334 1635 etat
352 1603 433 1648 juris
453 1603 544 1645 rigor
562 1600 717 1635 adversus
733 1599 917 1633 debitores.
972 1600 1131 1633 Poterant
1147 1598 1234 1630 enim
1252 1597 1302 1630 illi
1323 1599 1357 1630 in
1377 1609 1515 1632 nervum
1532 1595 1612 1630 duci

172 1660 191 1682 a
206 1647 443 1690 creditoribus,
467 1649 587 1695 quibus
604 1662 621 1682 a
634 1651 777 1682 Praetore
795 1646 1052 1689 addicebantur,
1080 1645 1102 1679 fi
1123 1642 1337 1678 condemnati
1354 1645 1441 1690 justo
1460 1653 1613 1691 tempore

174 1707 239 1729 non
262 1695 445 1739 solvissent,
472 1708 583 1743 neque
601 1694 726 1729 vindex
745 1693 869 1736 fuisset,
896 1694 954 1739 qui
978 1693 1183 1739 adprobante
1200 1690 1381 1725 Creditore
1407 1690 1559 1725 debitum
1579 1692 1614 1725 in

173 1741 205 1776 se
224 1740 415 1789 susciperet.
470 1745 514 1776 Et
533 1755 610 1776 tunc
628 1742 798 1776 debitores
817 1740 1016 1775 dicebantur
1032 1742 1101 1774 nexi
1119 1743 1154 1773 ὃς
1169 1739 1298 1780 ohaerati,
1320 1750 1455 1785 propter
1473 1751 1612 1772 nervum

173 1801 242 1835 quo
258 1791 488 1831 metebantur,
507 1791 693 1835 statumque
713 1788 884 1830 miserum,
903 1800 1004 1834 quem
1021 1799 1060 1820 ex
1077 1798 1138 1820 aere
1153 1786 1263 1819 alieno
1279 1785 1458 1820 subierant.
1511 1787 1613 1819 Dice-

173 1834 296 1870 bantur
314 1839 416 1871 etiam
436 1839 558 1879 addim,
579 1850 644 1870 non
658 1834 751 1883 quod
770 1837 801 1869 in
820 1834 969 1869 {bi-vilem
987 1833 1165 1868 inciderint
1183 1831 1428 1876 conditionem,
1445 1831 1499 1866 sed
1516 1831 1612 1879 quod

173 1883 399 1918 creditoribus
425 1897 444 1918 a
479 1886 625 1919 Praetore
650 1883 776 1919 fuerint
799 1882 983 1930 adjudicati
1011 1881 1051 1915 ad
1091 1892 1208 1927 operas
1234 1878 1368 1915 serviles
1395 1880 1612 1928 quascunque

174 1931 373 1978 preest-undas.

222 1978 262 2012 Id
288 1992 365 2013 vero
379 1980 433 2026 jus
452 1977 611 2022 rigidum,
638 1978 702 2013 sive
721 1990 761 2012 ex
779 1979 923 2024 antiquo
947 1977 1020 2023 jure
1039 1977 1164 2018 Attico,
1193 1973 1286 2022 quod
1314 1986 1389 2009 ante
1408 1977 1541 2009 Solonem
1561 1986 1613 2008 re-

174 2035 309 2073 ceptum
329 2026 444 2069 fuerit,
472 2026 536 2061 sive
562 2026 698 2060 aliunde
726 2025 912 2072 profectum
932 2024 995 2072 jam
1017 2022 1075 2058 sub
1103 2022 1255 2066 Regibus
1274 2021 1436 2057 servatum
1456 2021 1608 2064 legimus.

174 2073 290 2116 Qum
307 2086 385 2107 vero
404 2075 468 2118 jam
484 2084 555 2107 tum
574 2073 704 2108 nobiles
723 2075 756 2106 in
773 2074 916 2116 ingenua
931 2071 1125 2106 debitorum
1140 2082 1280 2116 corpora
1299 2069 1408 2104 {havire
1423 2068 1614 2116 coepiffent,

176 2122 302 2164 primus
320 2124 437 2157 Servius
454 2122 575 2163 Tullius,
603 2133 672 2167 quo
688 2130 760 2155 erat
780 2118 933 2166 populari
951 2119 1101 2162 ingenio,
1128 2117 1278 2151 ceffionis
1293 2117 1458 2151 bonorum
1477 2114 1611 2150 indulsit

175 2167 391 2202 beneficium.
446 2170 532 2202 Rem
554 2170 668 2216 paucis
686 2177 894 2214 compertam
913 2167 1081 2200 memoriae
1097 2164 1250 2212 prodidit
1269 2163 1408 2210 Dionys.
1428 2162 1539 2198 Halic.
1555 2175 1609 2197 ιν.

176 2228 208 2261 p.
228 2227 304 2259 215.
335 2217 389 2260 qui
408 2218 536 2259 Regem
555 2214 685 2250 inducit
707 2217 753 2249 ita
770 2216 1195 2249 concionantem—ow
1213 2212 1241 2243 A*
1263 2212 1295 2245 ’ἀν
1315 2212 1386 2251 μεται
1411 2211 1499 2243 mim
1523 2208 1611 2242 Δὶινεὶ-

175 2275 278 2295 otor-m,
308 2262 383 2295 ’νέης
400 2265 430 2293 ἐκ
446 2263 514 2294 'erim
531 2265 597 2301 ωερς
613 2264 647 2295 πὶ
666 2262 729 2308 χςέα
743 2262 890 2304 ἀπάγεσθαι,
907 2261 977 2292 ἀλλὰ
994 2261 1067 2302 νόμον
1084 2262 1160 2295 θήσω,
1181 2258 1284 2301 μωᾶἕνα
1299 2258 1424 2304 Λνεᾶζειν
1447 2258 1488 2287 53⁷¹
1502 2257 1612 2297 σώμασιν

175 2309 338 2351 {adab-{eyia
362 2311 444 2341 ἱκανῦν
459 2310 580 2351 ἧγέμῇμον
598 2310 650 2342 τοῖς
666 2310 796 2344 όᾱνειςαῖς
813 2310 863 2343 τοὶς
881 2309 948 2340 ἐσῆας
964 2308 1016 2340 τῶν
1036 2308 1230 2349 συμζςεὶλόντων
1248 2307 1358 2350 κρατεῖν.
1377 2325 1419 2331 ——
1435 2305 1469 2337 Si
1488 2305 1612 2348 quidam

176 2367 281 2392 autem
300 2359 330 2392 in
342 2357 482 2403 pqftcrum
498 2371 516 2392 a
528 2357 756 2403 faeneratoribus
773 2368 909 2393 mutuum
916 2356 1108 2402 ficmpserint,
1131 2368 1178 2390 eos
1196 2357 1228 2389 ob
1245 2367 1280 2388 as
1293 2356 1324 2387 in
1338 2363 1459 2387 nervum
1477 2352 1542 2440 dulgi
1556 2363 1612 2385 non

969 2406 1000 2437 D
1026 2404 1048 2438 d
1074 2416 1094 2438 2
1518 2410 1615 2441 mam,
