<?xml version="1.0" encoding="UTF-8"?>
<!DOCTYPE html PUBLIC "-//W3C//DTD XHTML 1.0 Transitional//EN"
    "http://www.w3.org/TR/xhtml1/DTD/xhtml1-transitional.dtd">
<html xmlns="http://www.w3.org/1999/xhtml" xml:lang="en" lang="en">
 <head>
  <title>
</title>
<meta http-equiv="Content-Type" content="text/html;charset=utf-8" />
  <meta name='ocr-system' content='tesseract 3.04.00' />
  <meta name='ocr-capabilities' content='ocr_page ocr_carea ocr_par ocr_line ocrx_word'/>
</head>
<body>
  <div class='ocr_page' id='page_1' title='image "./jurisprudentiaph00eden_0125.png"; bbox 0 0 2059 2812; ppageno 0'>
   <div class='ocr_carea' id='block_1_1' title="bbox 597 139 1580 207">
    <p class='ocr_par' dir='ltr' id='par_1_1' title="bbox 597 108 1580 207">
     <span class='ocr_line' id='line_1_1' title="bbox 597 139 1580 207; baseline 0.013 -13"><span class='ocrx_word' id='word_1_1' title='bbox 597 141 707 194; x_wconf 79' lang='lat' dir='ltr'>Lib.</span> <span class='ocrx_word' id='word_1_2' title='bbox 741 140 807 196; x_wconf 80' lang='grc' dir='ltr'>Π.</span> <span class='ocrx_word' id='word_1_3' title='bbox 880 139 976 193; x_wconf 81' lang='lat' dir='ltr'>Tit.</span> <span class='ocrx_word' id='word_1_4' title='bbox 1018 139 1134 194; x_wconf 81' lang='lat' dir='ltr'><em>VII.</em></span> <span class='ocrx_word' id='word_1_5' title='bbox 1516 157 1580 207; x_wconf 90' lang='lat'>99</span> 
     </span>
    </p>
   </div>
   <div class='ocr_carea' id='block_1_2' title="bbox 155 239 1354 423">
    <p class='ocr_par' dir='ltr' id='par_1_2' title="bbox 155 239 1354 423">
     <span class='ocr_line' id='line_1_2' title="bbox 485 239 1270 288; baseline -0.003 -11"><span class='ocrx_word' id='word_1_6' title='bbox 485 243 530 277; x_wconf 84' lang='lat' dir='ltr'>Et</span> <span class='ocrx_word' id='word_1_7' title='bbox 549 253 629 288; x_wconf 84' lang='lat' dir='ltr'><em>vaga</em></span> <span class='ocrx_word' id='word_1_8' title='bbox 647 251 717 277; x_wconf 81' lang='lat' dir='ltr'>tunc</span> <span class='ocrx_word' id='word_1_9' title='bbox 734 239 818 276; x_wconf 62' lang='lat' dir='ltr'><em>certa*</em></span> <span class='ocrx_word' id='word_1_10' title='bbox 835 240 1002 286; x_wconf 85' lang='lat' dir='ltr'>discurrunt</span> <span class='ocrx_word' id='word_1_11' title='bbox 1017 242 1145 286; x_wconf 84' lang='lat' dir='ltr'>undique</span> <span class='ocrx_word' id='word_1_12' title='bbox 1161 239 1270 286; x_wconf 63' lang='lat' dir='ltr'><em>pompd</em></span> 
     </span>
     <span class='ocr_line' id='line_1_3' title="bbox 531 288 1354 335; baseline -0.006 -10"><span class='ocrx_word' id='word_1_13' title='bbox 531 293 647 335; x_wconf 79' lang='lat' dir='ltr'><strong><em>Perque</em></strong></span> <span class='ocrx_word' id='word_1_14' title='bbox 665 291 731 325; x_wconf 79' lang='lat' dir='ltr'>vias</span> <span class='ocrx_word' id='word_1_15' title='bbox 748 290 828 324; x_wconf 84' lang='lat' dir='ltr'>urbis</span> <span class='ocrx_word' id='word_1_16' title='bbox 845 288 892 322; x_wconf 93' lang='lat' dir='ltr'>M</span> <span class='ocrx_word' id='word_1_17' title='bbox 899 289 927 324; x_wconf 91' lang='lat' dir='ltr'><em>V</em></span> <span class='ocrx_word' id='word_1_18' title='bbox 930 291 966 324; x_wconf 94' lang='lat' dir='ltr'><strong><em>N</em></strong></span> <span class='ocrx_word' id='word_1_19' title='bbox 971 291 999 324; x_wconf 86' lang='lat' dir='ltr'><em>E</em></span> <span class='ocrx_word' id='word_1_20' title='bbox 1010 290 1083 332; x_wconf 76' lang='grc' dir='ltr'>ΚΑ,</span> <span class='ocrx_word' id='word_1_21' title='bbox 1104 299 1217 335; x_wconf 78' lang='lat' dir='ltr'><em>perque</em></span> <span class='ocrx_word' id='word_1_22' title='bbox 1234 290 1354 324; x_wconf 87' lang='lat' dir='ltr'><em>Domos.</em></span> 
     </span>
     <span class='ocr_line' id='line_1_4' title="bbox 155 335 599 384; baseline -0.016 -7"><span class='ocrx_word' id='word_1_23' title='bbox 155 343 198 376; x_wconf 85' lang='lat' dir='ltr'>Et</span> <span class='ocrx_word' id='word_1_24' title='bbox 213 335 357 376; x_wconf 75' lang='lat' dir='ltr'>Martial.</span> <span class='ocrx_word' id='word_1_25' title='bbox 373 337 471 384; x_wconf 81' lang='lat' dir='ltr'>Epig.</span> <span class='ocrx_word' id='word_1_26' title='bbox 489 350 524 371; x_wconf 87' lang='lat' dir='ltr'>x.</span> <span class='ocrx_word' id='word_1_27' title='bbox 542 349 599 382; x_wconf 79' lang='lat'>24.</span> 
     </span>
     <span class='ocr_line' id='line_1_5' title="bbox 482 381 1012 423; baseline -0.006 -5"><span class='ocrx_word' id='word_1_28' title='bbox 482 385 612 419; x_wconf 77' lang='lat' dir='ltr'><em>Natales</em></span> <span class='ocrx_word' id='word_1_29' title='bbox 627 384 698 418; x_wconf 83' lang='lat' dir='ltr'>mihi</span> <span class='ocrx_word' id='word_1_30' title='bbox 715 381 845 416; x_wconf 66' lang='lat' dir='ltr'>Martia</span> <span class='ocrx_word' id='word_1_31' title='bbox 859 382 1012 423; x_wconf 74' lang='lat' dir='ltr'><em>Kalendae,</em></span> 
     </span>
    </p>
   </div>
   <div class='ocr_carea' id='block_1_3' title="bbox 481 429 1015 476">
    <p class='ocr_par' dir='ltr' id='par_1_3' title="bbox 481 429 1015 476">
     <span class='ocr_line' id='line_1_6' title="bbox 481 429 1015 476; baseline -0.009 -10"><span class='ocrx_word' id='word_1_32' title='bbox 481 433 555 466; x_wconf 83' lang='lat' dir='ltr'>Lux</span> <span class='ocrx_word' id='word_1_33' title='bbox 563 430 712 476; x_wconf 72' lang='lat' dir='ltr'><em>formosior</em></span> <span class='ocrx_word' id='word_1_34' title='bbox 728 429 856 464; x_wconf 87' lang='lat' dir='ltr'>omnibus</span> <span class='ocrx_word' id='word_1_35' title='bbox 871 429 1015 462; x_wconf 79' lang='lat' dir='ltr'><em>Kalendis</em></span> 
     </span>
    </p>
   </div>
   <div class='ocr_carea' id='block_1_4' title="bbox 152 472 1179 664">
    <p class='ocr_par' dir='ltr' id='par_1_4' title="bbox 481 472 1179 573">
     <span class='ocr_line' id='line_1_7' title="bbox 481 472 1179 526; baseline -0.009 -12"><span class='ocrx_word' id='word_1_36' title='bbox 481 479 562 526; x_wconf 78' lang='lat' dir='ltr'>Qa</span> <span class='ocrx_word' id='word_1_37' title='bbox 576 479 700 513; x_wconf 82' lang='lat' dir='ltr'>mittunt</span> <span class='ocrx_word' id='word_1_38' title='bbox 713 477 787 512; x_wconf 83' lang='lat' dir='ltr'>mihi</span> <span class='ocrx_word' id='word_1_39' title='bbox 804 476 849 510; x_wconf 94' lang='lat' dir='ltr'>M</span> <span class='ocrx_word' id='word_1_40' title='bbox 857 477 887 511; x_wconf 91' lang='lat' dir='ltr'><em>V</em></span> <span class='ocrx_word' id='word_1_41' title='bbox 888 477 923 509; x_wconf 94' lang='lat' dir='ltr'><em>N</em></span> <span class='ocrx_word' id='word_1_42' title='bbox 929 476 958 510; x_wconf 81' lang='lat' dir='ltr'><em>V</em></span> <span class='ocrx_word' id='word_1_43' title='bbox 960 478 996 518; x_wconf 87' lang='lat' dir='ltr'>S,</span> <span class='ocrx_word' id='word_1_44' title='bbox 1022 472 1059 510; x_wconf 55' lang='grc' dir='ltr'>ἄν</span> <span class='ocrx_word' id='word_1_45' title='bbox 1077 475 1179 510; x_wconf 61' lang='lat' dir='ltr'><em>Puella}</em></span> 
     </span>
     <span class='ocr_line' id='line_1_8' title="bbox 483 523 837 573; baseline -0.003 -14"><span class='ocrx_word' id='word_1_46' title='bbox 483 523 744 573; x_wconf 77' lang='lat' dir='ltr'><em>anuagefima</em></span> <span class='ocrx_word' id='word_1_47' title='bbox 762 523 837 558; x_wconf 76' lang='lat' dir='ltr'>liba.</span> 
     </span>
    </p>

    <p class='ocr_par' dir='ltr' id='par_1_5' title="bbox 152 573 1092 664">
     <span class='ocr_line' id='line_1_9' title="bbox 152 573 554 620; baseline -0.005 -12"><span class='ocrx_word' id='word_1_48' title='bbox 152 576 194 608; x_wconf 87' lang='lat' dir='ltr'>Et</span> <span class='ocrx_word' id='word_1_49' title='bbox 210 574 307 620; x_wconf 82' lang='lat' dir='ltr'>Epig.</span> <span class='ocrx_word' id='word_1_50' title='bbox 322 573 365 609; x_wconf 91' lang='lat' dir='ltr'>V.</span> <span class='ocrx_word' id='word_1_51' title='bbox 385 573 439 620; x_wconf 85' lang='lat'>84.</span> <span class='ocrx_word' id='word_1_52' title='bbox 459 585 486 607; x_wconf 93' lang='lat' dir='ltr'>v.</span> <span class='ocrx_word' id='word_1_53' title='bbox 500 585 554 607; x_wconf 85' lang='lat'>10.</span> 
     </span>
     <span class='ocr_line' id='line_1_10' title="bbox 485 616 1092 664; baseline -0.008 -11"><span class='ocrx_word' id='word_1_54' title='bbox 485 622 552 653; x_wconf 83' lang='lat' dir='ltr'>Scis</span> <span class='ocrx_word' id='word_1_55' title='bbox 570 628 660 660; x_wconf 84' lang='lat' dir='ltr'><em>certe,</em></span> <span class='ocrx_word' id='word_1_56' title='bbox 683 626 765 663; x_wconf 87' lang='lat' dir='ltr'><em>puto,</em></span> <span class='ocrx_word' id='word_1_57' title='bbox 788 616 880 664; x_wconf 83' lang='lat' dir='ltr'><em>vestra</em></span> <span class='ocrx_word' id='word_1_58' title='bbox 899 618 968 658; x_wconf 88' lang='lat' dir='ltr'>jam</span> <span class='ocrx_word' id='word_1_59' title='bbox 993 617 1092 650; x_wconf 77' lang='lat' dir='ltr'><em>venire</em></span> 
     </span>
    </p>
   </div>
   <div class='ocr_carea' id='block_1_5' title="bbox 484 663 1155 754">
    <p class='ocr_par' dir='ltr' id='par_1_6' title="bbox 484 663 1155 754">
     <span class='ocr_line' id='line_1_11' title="bbox 484 663 1037 706; baseline -0.011 -5"><span class='ocrx_word' id='word_1_60' title='bbox 484 667 679 706; x_wconf 77' lang='lat' dir='ltr'>Saturnalia,</span> <span class='ocrx_word' id='word_1_61' title='bbox 705 665 848 698; x_wconf 80' lang='lat' dir='ltr'><em>Martias</em></span> <span class='ocrx_word' id='word_1_62' title='bbox 870 663 1037 704; x_wconf 76' lang='lat' dir='ltr'><em>Kalendas,</em></span> 
     </span>
     <span class='ocr_line' id='line_1_12' title="bbox 486 708 1155 754; baseline -0.009 -7"><span class='ocrx_word' id='word_1_63' title='bbox 486 714 571 747; x_wconf 82' lang='lat' dir='ltr'>Tunc</span> <span class='ocrx_word' id='word_1_64' title='bbox 587 713 710 746; x_wconf 80' lang='lat' dir='ltr'><em>reddam</em></span> <span class='ocrx_word' id='word_1_65' title='bbox 726 711 791 753; x_wconf 83' lang='lat' dir='ltr'>tibi,</span> <span class='ocrx_word' id='word_1_66' title='bbox 815 712 926 752; x_wconf 88' lang='lat' dir='ltr'><em>Galla,</em></span> <span class='ocrx_word' id='word_1_67' title='bbox 950 710 1026 754; x_wconf 80' lang='lat' dir='ltr'>quod</span> <span class='ocrx_word' id='word_1_68' title='bbox 1044 708 1155 754; x_wconf 82' lang='lat' dir='ltr'>dedisti.</span> 
     </span>
    </p>
   </div>
   <div class='ocr_carea' id='block_1_6' title="bbox 153 759 1580 815">
    <p class='ocr_par' dir='ltr' id='par_1_7' title="bbox 153 759 1580 815">
     <span class='ocr_line' id='line_1_13' title="bbox 153 759 1580 815; baseline -0.007 -12"><span class='ocrx_word' id='word_1_69' title='bbox 153 767 256 802; x_wconf 85' lang='lat' dir='ltr'>Unde</span> <span class='ocrx_word' id='word_1_70' title='bbox 275 767 330 811; x_wconf 85' lang='lat' dir='ltr'>cst,</span> <span class='ocrx_word' id='word_1_71' title='bbox 359 766 452 815; x_wconf 85' lang='lat' dir='ltr'>quod</span> <span class='ocrx_word' id='word_1_72' title='bbox 466 764 636 800; x_wconf 78' lang='lat' dir='ltr'>Kalendas</span> <span class='ocrx_word' id='word_1_73' title='bbox 653 764 709 798; x_wconf 84' lang='lat' dir='ltr'>has</span> <span class='ocrx_word' id='word_1_74' title='bbox 724 764 865 797; x_wconf 81' lang='lat' dir='ltr'>Martias</span> <span class='ocrx_word' id='word_1_75' title='bbox 879 761 1048 797; x_wconf 84' lang='lat' dir='ltr'>Kalendas</span> <span class='ocrx_word' id='word_1_76' title='bbox 1059 761 1248 795; x_wconf 72' lang='lat' dir='ltr'>Foemineas</span> <span class='ocrx_word' id='word_1_77' title='bbox 1265 760 1409 808; x_wconf 83' lang='lat' dir='ltr'>appellat</span> <span class='ocrx_word' id='word_1_78' title='bbox 1428 762 1499 807; x_wconf 78' lang='lat' dir='ltr'>Juv.</span> <span class='ocrx_word' id='word_1_79' title='bbox 1515 759 1580 794; x_wconf 75' lang='lat' dir='ltr'>Sat,</span> 
     </span>
    </p>
   </div>
   <div class='ocr_carea' id='block_1_7' title="bbox 154 828 1378 900">
    <p class='ocr_par' dir='ltr' id='par_1_8' title="bbox 154 828 1378 900">
     <span class='ocr_line' id='line_1_14' title="bbox 154 828 1378 900; baseline 0.005 -18"><span class='ocrx_word' id='word_1_80' title='bbox 154 828 212 851; x_wconf 55' lang='grc' dir='ltr'>η’</span> <span class='ocrx_word' id='word_1_81' title='bbox 231 828 261 850; x_wconf 65' lang='grc' dir='ltr'>ν’</span> <span class='ocrx_word' id='word_1_82' title='bbox 270 828 321 862; x_wconf 49' lang='lat'>53⁸</span> <span class='ocrx_word' id='word_1_83' title='bbox 482 860 620 894; x_wconf 62' lang='lat' dir='ltr'><em>Munera</em></span> <span class='ocrx_word' id='word_1_84' title='bbox 634 860 722 894; x_wconf 86' lang='lat' dir='ltr'>FOE</span> <span class='ocrx_word' id='word_1_85' title='bbox 734 858 880 892; x_wconf 86' lang='lat' dir='ltr'><em>MINE</em></span> <span class='ocrx_word' id='word_1_86' title='bbox 892 859 938 892; x_wconf 88' lang='lat' dir='ltr'>IS</span> <span class='ocrx_word' id='word_1_87' title='bbox 961 857 1071 891; x_wconf 59' lang='lat' dir='ltr'><em>tractas</em></span> <span class='ocrx_word' id='word_1_88' title='bbox 1081 855 1201 900; x_wconf 59' lang='lat' dir='ltr'><em>floreta</em></span> <span class='ocrx_word' id='word_1_89' title='bbox 1216 855 1378 890; x_wconf 77' lang='lat' dir='ltr'><em>Kalendis.</em></span> 
     </span>
    </p>
   </div>
   <div class='ocr_carea' id='block_1_8' title="bbox 154 907 1589 1570">
    <p class='ocr_par' dir='ltr' id='par_1_9' title="bbox 154 907 1587 1202">
     <span class='ocr_line' id='line_1_15' title="bbox 199 907 1585 957; baseline -0.004 -10"><span class='ocrx_word' id='word_1_90' title='bbox 199 913 357 949; x_wconf 80' lang='lat' dir='ltr'>Solebant</span> <span class='ocrx_word' id='word_1_91' title='bbox 374 917 410 949; x_wconf 57' lang='grc' dir='ltr'>ἃ</span> <span class='ocrx_word' id='word_1_92' title='bbox 425 913 543 948; x_wconf 86' lang='lat' dir='ltr'>dicbus</span> <span class='ocrx_word' id='word_1_93' title='bbox 567 911 750 947; x_wconf 81' lang='lat' dir='ltr'>Natalibus</span> <span class='ocrx_word' id='word_1_94' title='bbox 767 923 903 947; x_wconf 82' lang='lat' dir='ltr'>munera</span> <span class='ocrx_word' id='word_1_95' title='bbox 921 911 1072 957; x_wconf 85' lang='lat' dir='ltr'>accipere</span> <span class='ocrx_word' id='word_1_96' title='bbox 1089 909 1324 944; x_wconf 83' lang='lat' dir='ltr'>honoratiores</span> <span class='ocrx_word' id='word_1_97' title='bbox 1340 919 1444 956; x_wconf 86' lang='lat' dir='ltr'>atque</span> <span class='ocrx_word' id='word_1_98' title='bbox 1470 907 1585 943; x_wconf 78' lang='lat' dir='ltr'>amici.</span> 
     </span>
     <span class='ocr_line' id='line_1_16' title="bbox 154 961 570 1008; baseline -0.002 -13"><span class='ocrx_word' id='word_1_99' title='bbox 154 961 302 996; x_wconf 79' lang='lat' dir='ltr'>Martial.</span> <span class='ocrx_word' id='word_1_100' title='bbox 318 962 416 1008; x_wconf 85' lang='lat' dir='ltr'>Epig.</span> <span class='ocrx_word' id='word_1_101' title='bbox 435 963 494 996; x_wconf 90' lang='lat' dir='ltr'>IX.</span> <span class='ocrx_word' id='word_1_102' title='bbox 516 973 570 1005; x_wconf 83' lang='lat'>14.</span> 
     </span>
     <span class='ocr_line' id='line_1_17' title="bbox 484 1003 1371 1054; baseline -0.006 -12"><span class='ocrx_word' id='word_1_103' title='bbox 484 1010 547 1042; x_wconf 87' lang='lat' dir='ltr'>NA</span> <span class='ocrx_word' id='word_1_104' title='bbox 558 1007 591 1040; x_wconf 90' lang='lat' dir='ltr'><em>T</em></span> <span class='ocrx_word' id='word_1_105' title='bbox 585 1007 618 1040; x_wconf 82' lang='lat' dir='ltr'><em>A</em></span> <span class='ocrx_word' id='word_1_106' title='bbox 625 1007 682 1041; x_wconf 92' lang='lat' dir='ltr'>LI</span> <span class='ocrx_word' id='word_1_107' title='bbox 700 1007 781 1050; x_wconf 81' lang='lat' dir='ltr'>Tibi,</span> <span class='ocrx_word' id='word_1_108' title='bbox 807 1006 946 1054; x_wconf 80' lang='lat' dir='ltr'>Qinte,</span> <span class='ocrx_word' id='word_1_109' title='bbox 967 1014 1018 1038; x_wconf 84' lang='lat' dir='ltr'>tuo</span> <span class='ocrx_word' id='word_1_110' title='bbox 1032 1005 1106 1038; x_wconf 85' lang='lat' dir='ltr'><em>dare</em></span> <span class='ocrx_word' id='word_1_111' title='bbox 1122 1014 1219 1049; x_wconf 77' lang='lat' dir='ltr'><em>parva</em></span> <span class='ocrx_word' id='word_1_112' title='bbox 1236 1003 1371 1038; x_wconf 85' lang='lat' dir='ltr'><em>volebam</em></span> 
     </span>
     <span class='ocr_line' id='line_1_18' title="bbox 531 1051 1299 1098; baseline -0.007 -9"><span class='ocrx_word' id='word_1_113' title='bbox 531 1054 681 1096; x_wconf 77' lang='lat' dir='ltr'><em>Munera,</em></span> <span class='ocrx_word' id='word_1_114' title='bbox 707 1054 754 1088; x_wconf 92' lang='lat' dir='ltr'>Tu</span> <span class='ocrx_word' id='word_1_115' title='bbox 774 1055 907 1098; x_wconf 77' lang='lat' dir='ltr'>prohibes</span> <span class='ocrx_word' id='word_1_116' title='bbox 924 1069 935 1094; x_wconf 78' lang='lat'>5</span> <span class='ocrx_word' id='word_1_117' title='bbox 958 1051 1133 1098; x_wconf 79' lang='lat' dir='ltr'><em>Imperiosus</em></span> <span class='ocrx_word' id='word_1_118' title='bbox 1156 1053 1239 1085; x_wconf 85' lang='lat' dir='ltr'><em>homo</em></span> <span class='ocrx_word' id='word_1_119' title='bbox 1256 1063 1299 1084; x_wconf 86' lang='lat' dir='ltr'><em>es.</em></span> 
     </span>
     <span class='ocr_line' id='line_1_19' title="bbox 155 1100 1587 1156; baseline -0.005 -14"><span class='ocrx_word' id='word_1_120' title='bbox 155 1112 197 1143; x_wconf 82' lang='lat' dir='ltr'>Et</span> <span class='ocrx_word' id='word_1_121' title='bbox 214 1108 292 1143; x_wconf 81' lang='lat' dir='ltr'>alibi</span> <span class='ocrx_word' id='word_1_122' title='bbox 310 1108 422 1156; x_wconf 71' lang='lat' dir='ltr'>lepide</span> <span class='ocrx_word' id='word_1_123' title='bbox 441 1109 589 1151; x_wconf 70' lang='lat' dir='ltr'>exagitat</span> <span class='ocrx_word' id='word_1_124' title='bbox 604 1111 737 1155; x_wconf 74' lang='lat' dir='ltr'>Clytum,</span> <span class='ocrx_word' id='word_1_125' title='bbox 762 1109 819 1153; x_wconf 86' lang='lat' dir='ltr'>qui</span> <span class='ocrx_word' id='word_1_126' title='bbox 839 1117 876 1142; x_wconf 86' lang='lat' dir='ltr'>ut</span> <span class='ocrx_word' id='word_1_127' title='bbox 894 1119 977 1140; x_wconf 82' lang='lat' dir='ltr'>nova</span> <span class='ocrx_word' id='word_1_128' title='bbox 995 1105 1122 1151; x_wconf 85' lang='lat' dir='ltr'><em>semper</em></span> <span class='ocrx_word' id='word_1_129' title='bbox 1146 1115 1283 1140; x_wconf 85' lang='lat' dir='ltr'>munera</span> <span class='ocrx_word' id='word_1_130' title='bbox 1302 1101 1455 1138; x_wconf 81' lang='lat' dir='ltr'>natalitia</span> <span class='ocrx_word' id='word_1_131' title='bbox 1478 1100 1587 1136; x_wconf 87' lang='lat' dir='ltr'>aufer·-</span> 
     </span>
     <span class='ocr_line' id='line_1_20' title="bbox 155 1152 1096 1202; baseline -0.005 -12"><span class='ocrx_word' id='word_1_132' title='bbox 155 1166 218 1196; x_wconf 84' lang='lat' dir='ltr'><em>ret,</em></span> <span class='ocrx_word' id='word_1_133' title='bbox 245 1154 363 1202; x_wconf 79' lang='lat' dir='ltr'>septies</span> <span class='ocrx_word' id='word_1_134' title='bbox 380 1155 430 1188; x_wconf 83' lang='lat' dir='ltr'>vel</span> <span class='ocrx_word' id='word_1_135' title='bbox 448 1156 551 1187; x_wconf 69' lang='grc' dir='ltr'>οξὶίεε</span> <span class='ocrx_word' id='word_1_136' title='bbox 570 1156 603 1185; x_wconf 89' lang='lat' dir='ltr'>in</span> <span class='ocrx_word' id='word_1_137' title='bbox 622 1165 708 1185; x_wconf 86' lang='lat' dir='ltr'>anno</span> <span class='ocrx_word' id='word_1_138' title='bbox 731 1154 877 1184; x_wconf 82' lang='lat' dir='ltr'>natalem</span> <span class='ocrx_word' id='word_1_139' title='bbox 895 1152 1096 1186; x_wconf 86' lang='lat' dir='ltr'>celebrabat.</span> 
     </span>
    </p>

    <p class='ocr_par' dir='ltr' id='par_1_10' title="bbox 156 1193 1589 1382">
     <span class='ocr_line' id='line_1_21' title="bbox 202 1193 1588 1237; baseline -0.005 -3"><span class='ocrx_word' id='word_1_140' title='bbox 202 1203 346 1235; x_wconf 82' lang='lat' dir='ltr'>Munera</span> <span class='ocrx_word' id='word_1_141' title='bbox 360 1202 461 1233; x_wconf 86' lang='lat' dir='ltr'>etiam</span> <span class='ocrx_word' id='word_1_142' title='bbox 477 1199 593 1233; x_wconf 83' lang='lat' dir='ltr'>diebus</span> <span class='ocrx_word' id='word_1_143' title='bbox 612 1208 808 1233; x_wconf 78' lang='lat' dir='ltr'>LvsTR1CIs</span> <span class='ocrx_word' id='word_1_144' title='bbox 827 1196 918 1231; x_wconf 84' lang='lat' dir='ltr'>miffa</span> <span class='ocrx_word' id='word_1_145' title='bbox 933 1212 944 1237; x_wconf 88' lang='lat'>;</span> <span class='ocrx_word' id='word_1_146' title='bbox 969 1197 1036 1229; x_wconf 87' lang='lat' dir='ltr'>Die</span> <span class='ocrx_word' id='word_1_147' title='bbox 1049 1197 1140 1229; x_wconf 84' lang='lat' dir='ltr'>enim</span> <span class='ocrx_word' id='word_1_148' title='bbox 1157 1197 1276 1230; x_wconf 66' lang='lat' dir='ltr'>ostavo</span> <span class='ocrx_word' id='word_1_149' title='bbox 1290 1207 1309 1229; x_wconf 87' lang='lat' dir='ltr'>a</span> <span class='ocrx_word' id='word_1_150' title='bbox 1320 1194 1441 1228; x_wconf 82' lang='lat' dir='ltr'>Natali</span> <span class='ocrx_word' id='word_1_151' title='bbox 1452 1193 1588 1236; x_wconf 76' lang='lat' dir='ltr'>Puellae,</span> 
     </span>
     <span class='ocr_line' id='line_1_22' title="bbox 157 1239 1588 1289; baseline -0.006 -7"><span class='ocrx_word' id='word_1_152' title='bbox 157 1260 245 1282; x_wconf 84' lang='lat' dir='ltr'>nono</span> <span class='ocrx_word' id='word_1_153' title='bbox 267 1249 365 1282; x_wconf 86' lang='lat' dir='ltr'>Pueri</span> <span class='ocrx_word' id='word_1_154' title='bbox 392 1245 624 1280; x_wconf 81' lang='lat' dir='ltr'>lustrabantur.</span> <span class='ocrx_word' id='word_1_155' title='bbox 653 1242 933 1289; x_wconf 86' lang='lat' dir='ltr'>accipiebantque</span> <span class='ocrx_word' id='word_1_156' title='bbox 955 1242 1108 1285; x_wconf 82' lang='lat' dir='ltr'>nomina,</span> <span class='ocrx_word' id='word_1_157' title='bbox 1131 1240 1165 1276; x_wconf 71' lang='grc' dir='ltr'>ἃ</span> <span class='ocrx_word' id='word_1_158' title='bbox 1183 1241 1334 1286; x_wconf 74' lang='lat' dir='ltr'>deanue</span> <span class='ocrx_word' id='word_1_159' title='bbox 1357 1242 1446 1275; x_wconf 86' lang='lat' dir='ltr'>intra</span> <span class='ocrx_word' id='word_1_160' title='bbox 1463 1239 1588 1283; x_wconf 70' lang='lat' dir='ltr'>trigesi-</span> 
     </span>
     <span class='ocr_line' id='line_1_23' title="bbox 156 1288 1589 1329; baseline -0.006 -1"><span class='ocrx_word' id='word_1_161' title='bbox 156 1308 247 1329; x_wconf 84' lang='lat' dir='ltr'>mum</span> <span class='ocrx_word' id='word_1_162' title='bbox 266 1307 282 1328; x_wconf 87' lang='lat' dir='ltr'>a</span> <span class='ocrx_word' id='word_1_163' title='bbox 302 1295 474 1327; x_wconf 75' lang='lat' dir='ltr'>nativitate</span> <span class='ocrx_word' id='word_1_164' title='bbox 492 1292 584 1326; x_wconf 83' lang='lat' dir='ltr'>diem</span> <span class='ocrx_word' id='word_1_165' title='bbox 599 1289 758 1325; x_wconf 85' lang='lat' dir='ltr'>Profeffio</span> <span class='ocrx_word' id='word_1_166' title='bbox 776 1289 932 1322; x_wconf 79' lang='lat' dir='ltr'>natalitia</span> <span class='ocrx_word' id='word_1_167' title='bbox 949 1288 991 1322; x_wconf 86' lang='lat' dir='ltr'>ad</span> <span class='ocrx_word' id='word_1_168' title='bbox 1009 1290 1080 1322; x_wconf 64' lang='lat' dir='ltr'>acta</span> <span class='ocrx_word' id='word_1_169' title='bbox 1095 1288 1210 1323; x_wconf 83' lang='lat' dir='ltr'><em>fiebat.</em></span> <span class='ocrx_word' id='word_1_170' title='bbox 1262 1290 1363 1322; x_wconf 86' lang='lat' dir='ltr'>Tunc</span> <span class='ocrx_word' id='word_1_171' title='bbox 1375 1288 1480 1322; x_wconf 88' lang='lat' dir='ltr'>etiam</span> <span class='ocrx_word' id='word_1_172' title='bbox 1491 1288 1589 1321; x_wconf 87' lang='lat' dir='ltr'>Dona</span> 
     </span>
     <span class='ocr_line' id='line_1_24' title="bbox 156 1335 1561 1382; baseline -0.006 -6"><span class='ocrx_word' id='word_1_173' title='bbox 156 1345 192 1376; x_wconf 75' lang='grc' dir='ltr'>δε</span> <span class='ocrx_word' id='word_1_174' title='bbox 206 1353 343 1376; x_wconf 81' lang='lat' dir='ltr'>munera</span> <span class='ocrx_word' id='word_1_175' title='bbox 363 1339 588 1374; x_wconf 79' lang='lat' dir='ltr'>mittebantur</span> <span class='ocrx_word' id='word_1_176' title='bbox 604 1336 723 1371; x_wconf 87' lang='lat' dir='ltr'>infanti</span> <span class='ocrx_word' id='word_1_177' title='bbox 742 1335 881 1382; x_wconf 85' lang='lat' dir='ltr'>ejusque</span> <span class='ocrx_word' id='word_1_178' title='bbox 898 1336 1249 1369; x_wconf 80' lang='lat' dir='ltr'>Matri.--Terent.</span> <span class='ocrx_word' id='word_1_179' title='bbox 1267 1335 1401 1369; x_wconf 74' lang='lat' dir='ltr'>PhorJ.</span> <span class='ocrx_word' id='word_1_180' title='bbox 1421 1345 1451 1369; x_wconf 89' lang='lat'>1.</span> <span class='ocrx_word' id='word_1_181' title='bbox 1471 1345 1561 1380; x_wconf 81' lang='lat' dir='ltr'>v.13.</span> 
     </span>
    </p>

    <p class='ocr_par' dir='ltr' id='par_1_11' title="bbox 485 1382 1282 1570">
     <span class='ocr_line' id='line_1_25' title="bbox 485 1382 1214 1427; baseline -0.007 -7"><span class='ocrx_word' id='word_1_182' title='bbox 485 1387 617 1421; x_wconf 82' lang='lat' dir='ltr'><em>Ferietur</em></span> <span class='ocrx_word' id='word_1_183' title='bbox 635 1386 695 1418; x_wconf 89' lang='lat' dir='ltr'>alio</span> <span class='ocrx_word' id='word_1_184' title='bbox 714 1395 847 1425; x_wconf 86' lang='lat' dir='ltr'><em>munere,</em></span> <span class='ocrx_word' id='word_1_185' title='bbox 872 1383 922 1416; x_wconf 85' lang='lat' dir='ltr'>ubi</span> <span class='ocrx_word' id='word_1_186' title='bbox 938 1382 1032 1416; x_wconf 87' lang='lat' dir='ltr'><em>Hera</em></span> <span class='ocrx_word' id='word_1_187' title='bbox 1041 1384 1214 1427; x_wconf 82' lang='lat' dir='ltr'><em>pepererit.-</em></span> 
     </span>
     <span class='ocr_line' id='line_1_26' title="bbox 487 1429 1282 1472; baseline -0.008 -4"><span class='ocrx_word' id='word_1_188' title='bbox 487 1436 575 1468; x_wconf 86' lang='lat' dir='ltr'><em>Porro</em></span> <span class='ocrx_word' id='word_1_189' title='bbox 593 1441 695 1467; x_wconf 83' lang='lat' dir='ltr'><em>autem</em></span> <span class='ocrx_word' id='word_1_190' title='bbox 709 1432 779 1472; x_wconf 86' lang='lat' dir='ltr'>alio,</span> <span class='ocrx_word' id='word_1_191' title='bbox 810 1431 860 1464; x_wconf 83' lang='lat' dir='ltr'>ubi</span> <span class='ocrx_word' id='word_1_192' title='bbox 877 1431 936 1464; x_wconf 80' lang='lat' dir='ltr'><em>erit</em></span> <span class='ocrx_word' id='word_1_193' title='bbox 949 1431 1044 1464; x_wconf 87' lang='lat' dir='ltr'><em>Puero</em></span> <span class='ocrx_word' id='word_1_194' title='bbox 1063 1430 1177 1464; x_wconf 79' lang='lat' dir='ltr'>natalis</span> <span class='ocrx_word' id='word_1_195' title='bbox 1189 1429 1282 1471; x_wconf 86' lang='lat' dir='ltr'><em>Dies,</em></span> 
     </span>
     <span class='ocr_line' id='line_1_27' title="bbox 492 1475 1195 1519; baseline -0.006 -5"><span class='ocrx_word' id='word_1_196' title='bbox 492 1481 560 1515; x_wconf 81' lang='lat' dir='ltr'>Ubi</span> <span class='ocrx_word' id='word_1_197' title='bbox 577 1480 764 1518; x_wconf 78' lang='lat' dir='ltr'>initiabunt3</span> <span class='ocrx_word' id='word_1_198' title='bbox 789 1488 873 1511; x_wconf 85' lang='lat' dir='ltr'><em>omne</em></span> <span class='ocrx_word' id='word_1_199' title='bbox 889 1478 941 1510; x_wconf 84' lang='lat' dir='ltr'>hoc</span> <span class='ocrx_word' id='word_1_200' title='bbox 955 1485 1053 1511; x_wconf 87' lang='lat' dir='ltr'><em>mater</em></span> <span class='ocrx_word' id='word_1_201' title='bbox 1073 1475 1195 1519; x_wconf 86' lang='lat' dir='ltr'><em>auferet</em></span> 
     </span>
     <span class='ocr_line' id='line_1_28' title="bbox 487 1525 926 1570; baseline -0.014 -7"><span class='ocrx_word' id='word_1_202' title='bbox 487 1530 571 1563; x_wconf 83' lang='lat' dir='ltr'><em>Puer</em></span> <span class='ocrx_word' id='word_1_203' title='bbox 592 1525 681 1570; x_wconf 84' lang='lat' dir='ltr'><em>causa</em></span> <span class='ocrx_word' id='word_1_204' title='bbox 698 1526 757 1559; x_wconf 85' lang='lat' dir='ltr'><em>erit</em></span> <span class='ocrx_word' id='word_1_205' title='bbox 774 1525 926 1558; x_wconf 84' lang='lat' dir='ltr'>mittundi.</span> 
     </span>
    </p>
   </div>
   <div class='ocr_carea' id='block_1_9' title="bbox 154 1577 1595 2412">
    <p class='ocr_par' dir='ltr' id='par_1_12' title="bbox 154 1577 1595 2095">
     <span class='ocr_line' id='line_1_29' title="bbox 205 1577 1592 1629; baseline -0.006 -12"><span class='ocrx_word' id='word_1_206' title='bbox 205 1584 283 1617; x_wconf 90' lang='lat' dir='ltr'>Ncc</span> <span class='ocrx_word' id='word_1_207' title='bbox 300 1578 585 1629; x_wconf 65' lang='lat' dir='ltr'><em>praetermittenda</em></span> <span class='ocrx_word' id='word_1_208' title='bbox 600 1582 698 1613; x_wconf 85' lang='lat' dir='ltr'>Dona</span> <span class='ocrx_word' id='word_1_209' title='bbox 714 1577 893 1624; x_wconf 85' lang='lat' dir='ltr'>nuptialia,</span> <span class='ocrx_word' id='word_1_210' title='bbox 918 1588 992 1622; x_wconf 81' lang='lat' dir='ltr'>quae</span> <span class='ocrx_word' id='word_1_211' title='bbox 1008 1584 1079 1609; x_wconf 88' lang='lat' dir='ltr'>tam</span> <span class='ocrx_word' id='word_1_212' title='bbox 1097 1586 1215 1619; x_wconf 87' lang='lat' dir='ltr'>magna</span> <span class='ocrx_word' id='word_1_213' title='bbox 1228 1585 1469 1620; x_wconf 86' lang='lat' dir='ltr'>nonnunquam</span> <span class='ocrx_word' id='word_1_214' title='bbox 1485 1583 1592 1617; x_wconf 85' lang='lat' dir='ltr'><em>erant,</em></span> 
     </span>
     <span class='ocr_line' id='line_1_30' title="bbox 159 1621 1591 1676; baseline -0.006 -13"><span class='ocrx_word' id='word_1_215' title='bbox 159 1639 194 1663; x_wconf 88' lang='lat' dir='ltr'>nt</span> <span class='ocrx_word' id='word_1_216' title='bbox 212 1629 344 1676; x_wconf 83' lang='lat' dir='ltr'>Sponsae</span> <span class='ocrx_word' id='word_1_217' title='bbox 361 1629 414 1663; x_wconf 90' lang='lat' dir='ltr'>vcl</span> <span class='ocrx_word' id='word_1_218' title='bbox 433 1627 475 1662; x_wconf 83' lang='lat' dir='ltr'>ad</span> <span class='ocrx_word' id='word_1_219' title='bbox 492 1627 612 1662; x_wconf 87' lang='lat' dir='ltr'><em>dotem</em></span> <span class='ocrx_word' id='word_1_220' title='bbox 637 1624 837 1660; x_wconf 88' lang='lat' dir='ltr'>sufficerent.</span> <span class='ocrx_word' id='word_1_221' title='bbox 889 1623 1102 1670; x_wconf 83' lang='lat' dir='ltr'>Qintiliani</span> <span class='ocrx_word' id='word_1_222' title='bbox 1128 1621 1202 1657; x_wconf 73' lang='lat' dir='ltr'>sane</span> <span class='ocrx_word' id='word_1_223' title='bbox 1229 1621 1307 1657; x_wconf 83' lang='lat' dir='ltr'>filiae</span> <span class='ocrx_word' id='word_1_224' title='bbox 1331 1622 1454 1655; x_wconf 86' lang='lat' dir='ltr'>Nonio</span> <span class='ocrx_word' id='word_1_225' title='bbox 1477 1621 1591 1655; x_wconf 88' lang='lat' dir='ltr'>Celeri</span> 
     </span>
     <span class='ocr_line' id='line_1_31' title="bbox 159 1667 1592 1717; baseline -0.005 -7"><span class='ocrx_word' id='word_1_226' title='bbox 159 1676 295 1710; x_wconf 83' lang='lat' dir='ltr'>nubenti</span> <span class='ocrx_word' id='word_1_227' title='bbox 315 1690 334 1711; x_wconf 77' lang='lat'>1.</span> <span class='ocrx_word' id='word_1_228' title='bbox 354 1675 457 1710; x_wconf 87' lang='lat' dir='ltr'>millia</span> <span class='ocrx_word' id='word_1_229' title='bbox 475 1673 648 1709; x_wconf 61' lang='lat' dir='ltr'>nummum</span> <span class='ocrx_word' id='word_1_230' title='bbox 667 1671 812 1707; x_wconf 88' lang='lat' dir='ltr'>contulit</span> <span class='ocrx_word' id='word_1_231' title='bbox 826 1671 954 1707; x_wconf 85' lang='lat' dir='ltr'>Plinius</span> <span class='ocrx_word' id='word_1_232' title='bbox 971 1670 1047 1705; x_wconf 91' lang='lat' dir='ltr'>Lib.</span> <span class='ocrx_word' id='word_1_233' title='bbox 1065 1675 1098 1705; x_wconf 89' lang='lat'>6.</span> <span class='ocrx_word' id='word_1_234' title='bbox 1119 1671 1242 1717; x_wconf 85' lang='lat' dir='ltr'><strong>Ep.32.</strong></span> <span class='ocrx_word' id='word_1_235' title='bbox 1380 1668 1537 1716; x_wconf 80' lang='lat' dir='ltr'>Qamvis</span> <span class='ocrx_word' id='word_1_236' title='bbox 1554 1667 1592 1703; x_wconf 62' lang='lat' dir='ltr'>dr</span> 
     </span>
     <span class='ocr_line' id='line_1_32' title="bbox 157 1716 1592 1769; baseline -0.006 -12"><span class='ocrx_word' id='word_1_237' title='bbox 157 1724 214 1769; x_wconf 82' lang='lat' dir='ltr'><em>ipse</em></span> <span class='ocrx_word' id='word_1_238' title='bbox 225 1724 264 1769; x_wconf 83' lang='lat' dir='ltr'>fis</span> <span class='ocrx_word' id='word_1_239' title='bbox 281 1722 551 1767; x_wconf 71' lang='lat' dir='ltr'>continentissimus,</span> <span class='ocrx_word' id='word_1_240' title='bbox 577 1720 614 1756; x_wconf 59' lang='grc' dir='ltr'>ὠ</span> <span class='ocrx_word' id='word_1_241' title='bbox 630 1722 732 1767; x_wconf 66' lang='lat' dir='ltr'>filium</span> <span class='ocrx_word' id='word_1_242' title='bbox 746 1729 832 1754; x_wconf 86' lang='lat' dir='ltr'><em>tuam</em></span> <span class='ocrx_word' id='word_1_243' title='bbox 846 1720 892 1753; x_wconf 87' lang='lat' dir='ltr'>ita</span> <span class='ocrx_word' id='word_1_244' title='bbox 906 1718 1066 1764; x_wconf 80' lang='lat' dir='ltr'>institueris</span> <span class='ocrx_word' id='word_1_245' title='bbox 1080 1727 1114 1752; x_wconf 90' lang='lat' dir='ltr'>ut</span> <span class='ocrx_word' id='word_1_246' title='bbox 1130 1719 1253 1752; x_wconf 78' lang='lat' dir='ltr'><em>decebat</em></span> <span class='ocrx_word' id='word_1_247' title='bbox 1269 1718 1378 1751; x_wconf 86' lang='lat' dir='ltr'>Filiam</span> <span class='ocrx_word' id='word_1_248' title='bbox 1390 1718 1502 1757; x_wconf 84' lang='lat' dir='ltr'><em>Tuam,</em></span> <span class='ocrx_word' id='word_1_249' title='bbox 1530 1716 1560 1750; x_wconf 89' lang='lat' dir='ltr'><em>T</em></span> <span class='ocrx_word' id='word_1_250' title='bbox 1556 1728 1592 1750; x_wconf 89' lang='lat' dir='ltr'>u-</span> 
     </span>
     <span class='ocr_line' id='line_1_33' title="bbox 159 1764 1593 1815; baseline -0.005 -11"><span class='ocrx_word' id='word_1_251' title='bbox 159 1771 220 1804; x_wconf 82' lang='lat' dir='ltr'>tilii</span> <span class='ocrx_word' id='word_1_252' title='bbox 236 1780 364 1815; x_wconf 85' lang='lat' dir='ltr'><em>neptem,</em></span> <span class='ocrx_word' id='word_1_253' title='bbox 390 1772 466 1804; x_wconf 87' lang='lat' dir='ltr'>Cum</span> <span class='ocrx_word' id='word_1_254' title='bbox 483 1779 584 1803; x_wconf 87' lang='lat' dir='ltr'><em>tamen</em></span> <span class='ocrx_word' id='word_1_255' title='bbox 594 1768 635 1813; x_wconf 83' lang='lat' dir='ltr'>fit</span> <span class='ocrx_word' id='word_1_256' title='bbox 651 1776 781 1812; x_wconf 86' lang='lat' dir='ltr'><em>nuptura</em></span> <span class='ocrx_word' id='word_1_257' title='bbox 803 1766 984 1811; x_wconf 72' lang='lat' dir='ltr'>honestissimo</span> <span class='ocrx_word' id='word_1_258' title='bbox 1007 1767 1076 1801; x_wconf 88' lang='lat' dir='ltr'><em>Viro</em></span> <span class='ocrx_word' id='word_1_259' title='bbox 1098 1765 1194 1799; x_wconf 80' lang='lat' dir='ltr'>Nonio</span> <span class='ocrx_word' id='word_1_260' title='bbox 1211 1765 1324 1805; x_wconf 87' lang='lat' dir='ltr'><em>Celeri,</em></span> <span class='ocrx_word' id='word_1_261' title='bbox 1351 1764 1398 1796; x_wconf 86' lang='lat' dir='ltr'>cui</span> <span class='ocrx_word' id='word_1_262' title='bbox 1422 1764 1500 1797; x_wconf 84' lang='lat' dir='ltr'><em>ratio</em></span> <span class='ocrx_word' id='word_1_263' title='bbox 1517 1764 1593 1798; x_wconf 74' lang='lat' dir='ltr'>civi-</span> 
     </span>
     <span class='ocr_line' id='line_1_34' title="bbox 158 1809 1594 1862; baseline -0.005 -12"><span class='ocrx_word' id='word_1_264' title='bbox 158 1819 232 1851; x_wconf 84' lang='lat' dir='ltr'>lium</span> <span class='ocrx_word' id='word_1_265' title='bbox 256 1819 406 1862; x_wconf 83' lang='lat' dir='ltr'><em>officiorum</em></span> <span class='ocrx_word' id='word_1_266' title='bbox 429 1815 628 1860; x_wconf 73' lang='lat' dir='ltr'><em>necessitatem</em></span> <span class='ocrx_word' id='word_1_267' title='bbox 654 1816 806 1859; x_wconf 83' lang='lat' dir='ltr'><em>quandam</em></span> <span class='ocrx_word' id='word_1_268' title='bbox 831 1815 935 1848; x_wconf 83' lang='lat' dir='ltr'>nitoris</span> <span class='ocrx_word' id='word_1_269' title='bbox 958 1814 1094 1857; x_wconf 77' lang='lat' dir='ltr'>imponit,</span> <span class='ocrx_word' id='word_1_270' title='bbox 1118 1813 1206 1846; x_wconf 85' lang='lat' dir='ltr'><em>dehet</em></span> <span class='ocrx_word' id='word_1_271' title='bbox 1228 1809 1391 1855; x_wconf 84' lang='lat' dir='ltr'><em>secundum</em></span> <span class='ocrx_word' id='word_1_272' title='bbox 1416 1810 1594 1844; x_wconf 78' lang='lat' dir='ltr'>conditiones</span> 
     </span>
     <span class='ocr_line' id='line_1_35' title="bbox 159 1856 1593 1909; baseline -0.006 -11"><span class='ocrx_word' id='word_1_273' title='bbox 159 1866 276 1906; x_wconf 78' lang='lat' dir='ltr'>mariti,</span> <span class='ocrx_word' id='word_1_274' title='bbox 300 1863 384 1909; x_wconf 80' lang='lat' dir='ltr'><em>veste,</em></span> <span class='ocrx_word' id='word_1_275' title='bbox 411 1865 552 1897; x_wconf 84' lang='lat' dir='ltr'><em>comitatu</em></span> <span class='ocrx_word' id='word_1_276' title='bbox 578 1861 705 1907; x_wconf 80' lang='lat' dir='ltr'>(quibus</span> <span class='ocrx_word' id='word_1_277' title='bbox 731 1871 787 1894; x_wconf 89' lang='lat' dir='ltr'>non</span> <span class='ocrx_word' id='word_1_278' title='bbox 804 1859 922 1904; x_wconf 86' lang='lat' dir='ltr'><em>quidem</em></span> <span class='ocrx_word' id='word_1_279' title='bbox 939 1866 1067 1903; x_wconf 84' lang='lat' dir='ltr'><em>augetur</em></span> <span class='ocrx_word' id='word_1_280' title='bbox 1084 1858 1226 1902; x_wconf 77' lang='lat' dir='ltr'>dignitas,</span> <span class='ocrx_word' id='word_1_281' title='bbox 1249 1865 1370 1891; x_wconf 80' lang='lat' dir='ltr'><em>ornatur</em></span> <span class='ocrx_word' id='word_1_282' title='bbox 1387 1856 1514 1901; x_wconf 82' lang='lat' dir='ltr'><em>tamen,)</em></span> <span class='ocrx_word' id='word_1_283' title='bbox 1543 1858 1593 1890; x_wconf 83' lang='lat' dir='ltr'>in-</span> 
     </span>
     <span class='ocr_line' id='line_1_36' title="bbox 154 1903 1594 1954; baseline -0.004 -10"><span class='ocrx_word' id='word_1_284' title='bbox 154 1910 238 1954; x_wconf 76' lang='lat' dir='ltr'>strui.</span> <span class='ocrx_word' id='word_1_285' title='bbox 290 1910 334 1943; x_wconf 87' lang='lat' dir='ltr'>Te</span> <span class='ocrx_word' id='word_1_286' title='bbox 356 1920 440 1954; x_wconf 84' lang='lat' dir='ltr'><em>porro</em></span> <span class='ocrx_word' id='word_1_287' title='bbox 468 1911 565 1943; x_wconf 85' lang='lat' dir='ltr'>animo</span> <span class='ocrx_word' id='word_1_288' title='bbox 592 1906 801 1951; x_wconf 77' lang='lat' dir='ltr'><em>beatissimum,</em></span> <span class='ocrx_word' id='word_1_289' title='bbox 827 1906 973 1940; x_wconf 83' lang='lat' dir='ltr'>modicum</span> <span class='ocrx_word' id='word_1_290' title='bbox 991 1904 1198 1949; x_wconf 82' lang='lat' dir='ltr'><em>facultatibus</em></span> <span class='ocrx_word' id='word_1_291' title='bbox 1219 1903 1292 1950; x_wconf 85' lang='lat' dir='ltr'>scio.</span> <span class='ocrx_word' id='word_1_292' title='bbox 1344 1904 1452 1947; x_wconf 82' lang='lat' dir='ltr'><em>Itaque</em></span> <span class='ocrx_word' id='word_1_293' title='bbox 1472 1912 1594 1947; x_wconf 85' lang='lat' dir='ltr'><em>partem</em></span> 
     </span>
     <span class='ocr_line' id='line_1_37' title="bbox 161 1948 1594 1998; baseline -0.005 -7"><span class='ocrx_word' id='word_1_294' title='bbox 161 1959 256 1991; x_wconf 81' lang='lat' dir='ltr'>oneris</span> <span class='ocrx_word' id='word_1_295' title='bbox 270 1959 315 1992; x_wconf 85' lang='lat' dir='ltr'>tui</span> <span class='ocrx_word' id='word_1_296' title='bbox 332 1958 403 1991; x_wconf 83' lang='lat' dir='ltr'>mihi</span> <span class='ocrx_word' id='word_1_297' title='bbox 419 1958 549 1998; x_wconf 81' lang='lat' dir='ltr'>vindico,</span> <span class='ocrx_word' id='word_1_298' title='bbox 576 1953 614 1989; x_wconf 80' lang='lat'><em>&amp;</em></span> <span class='ocrx_word' id='word_1_299' title='bbox 627 1963 772 1998; x_wconf 80' lang='lat' dir='ltr'><em>tanquam</em></span> <span class='ocrx_word' id='word_1_300' title='bbox 786 1952 902 1986; x_wconf 89' lang='lat' dir='ltr'><em>Parens</em></span> <span class='ocrx_word' id='word_1_301' title='bbox 915 1953 996 1986; x_wconf 85' lang='lat' dir='ltr'><em>alter</em></span> <span class='ocrx_word' id='word_1_302' title='bbox 1013 1952 1118 1985; x_wconf 67' lang='lat' dir='ltr'>Puella</span> <span class='ocrx_word' id='word_1_303' title='bbox 1132 1951 1228 1998; x_wconf 70' lang='lat' dir='ltr'><em>nostre</em></span> <span class='ocrx_word' id='word_1_304' title='bbox 1242 1948 1355 1994; x_wconf 84' lang='lat' dir='ltr'><em>confero</em></span> <span class='ocrx_word' id='word_1_305' title='bbox 1371 1951 1594 1995; x_wconf 81' lang='lat' dir='ltr'>quinquaginta</span> 
     </span>
     <span class='ocr_line' id='line_1_38' title="bbox 163 1996 1595 2047; baseline -0.005 -9"><span class='ocrx_word' id='word_1_306' title='bbox 163 2005 256 2038; x_wconf 86' lang='lat' dir='ltr'>millia</span> <span class='ocrx_word' id='word_1_307' title='bbox 271 2002 436 2046; x_wconf 56' lang='lat' dir='ltr'>minimam,</span> <span class='ocrx_word' id='word_1_308' title='bbox 458 2005 525 2047; x_wconf 87' lang='lat' dir='ltr'>plus</span> <span class='ocrx_word' id='word_1_309' title='bbox 547 2002 719 2043; x_wconf 85' lang='lat' dir='ltr'><em>collaturus,</em></span> <span class='ocrx_word' id='word_1_310' title='bbox 745 1999 796 2045; x_wconf 78' lang='lat' dir='ltr'>nisi</span> <span class='ocrx_word' id='word_1_311' title='bbox 814 2011 834 2033; x_wconf 86' lang='lat' dir='ltr'><em>a</em></span> <span class='ocrx_word' id='word_1_312' title='bbox 851 1998 1029 2035; x_wconf 79' lang='lat' dir='ltr'><em>verecundia</em></span> <span class='ocrx_word' id='word_1_313' title='bbox 1045 1996 1100 2034; x_wconf 67' lang='lat' dir='ltr'>tud</span> <span class='ocrx_word' id='word_1_314' title='bbox 1120 1998 1186 2045; x_wconf 66' lang='lat' dir='ltr'>fiola</span> <span class='ocrx_word' id='word_1_315' title='bbox 1204 1998 1411 2033; x_wconf 85' lang='lat' dir='ltr'><em>mediocritate</em></span> <span class='ocrx_word' id='word_1_316' title='bbox 1433 1996 1595 2042; x_wconf 84' lang='lat' dir='ltr'>munusculi</span> 
     </span>
     <span class='ocr_line' id='line_1_39' title="bbox 164 2045 1116 2095; baseline -0.003 -12"><span class='ocrx_word' id='word_1_317' title='bbox 164 2051 316 2094; x_wconf 80' lang='lat' dir='ltr'><em>impetrari</em></span> <span class='ocrx_word' id='word_1_318' title='bbox 331 2050 404 2095; x_wconf 84' lang='lat' dir='ltr'><em>poffe</em></span> <span class='ocrx_word' id='word_1_319' title='bbox 428 2051 611 2093; x_wconf 80' lang='lat' dir='ltr'><em>confiderem,</em></span> <span class='ocrx_word' id='word_1_320' title='bbox 633 2060 669 2082; x_wconf 91' lang='lat' dir='ltr'>ne</span> <span class='ocrx_word' id='word_1_321' title='bbox 685 2047 846 2092; x_wconf 75' lang='lat' dir='ltr'><em>recufizres.</em></span> <span class='ocrx_word' id='word_1_322' title='bbox 899 2045 1116 2082; x_wconf 87' lang='lat' dir='ltr'>Vale.·---·</span> 
     </span>
    </p>

    <p class='ocr_par' dir='ltr' id='par_1_13' title="bbox 166 2089 1595 2404">
     <span class='ocr_line' id='line_1_40' title="bbox 211 2089 1595 2138; baseline -0.004 -9"><span class='ocrx_word' id='word_1_323' title='bbox 211 2096 433 2132; x_wconf 69' lang='lat' dir='ltr'>Libet-alitem</span> <span class='ocrx_word' id='word_1_324' title='bbox 462 2096 551 2130; x_wconf 87' lang='lat' dir='ltr'>haud</span> <span class='ocrx_word' id='word_1_325' title='bbox 577 2096 744 2130; x_wconf 85' lang='lat' dir='ltr'>minorem</span> <span class='ocrx_word' id='word_1_326' title='bbox 770 2093 979 2128; x_wconf 85' lang='lat' dir='ltr'>ostentabant</span> <span class='ocrx_word' id='word_1_327' title='bbox 1006 2094 1041 2127; x_wconf 90' lang='lat' dir='ltr'>in</span> <span class='ocrx_word' id='word_1_328' title='bbox 1073 2091 1242 2127; x_wconf 90' lang='lat' dir='ltr'>donandis</span> <span class='ocrx_word' id='word_1_329' title='bbox 1267 2089 1479 2138; x_wconf 62' lang='lat' dir='ltr'>Hospitibus.</span> <span class='ocrx_word' id='word_1_330' title='bbox 1530 2091 1595 2124; x_wconf 82' lang='lat' dir='ltr'>His</span> 
     </span>
     <span class='ocr_line' id='line_1_41' title="bbox 166 2138 1595 2189; baseline -0.004 -13"><span class='ocrx_word' id='word_1_331' title='bbox 166 2142 258 2177; x_wconf 79' lang='lat' dir='ltr'>miffa</span> <span class='ocrx_word' id='word_1_332' title='bbox 283 2156 419 2178; x_wconf 83' lang='lat' dir='ltr'>munera</span> <span class='ocrx_word' id='word_1_333' title='bbox 446 2156 563 2179; x_wconf 72' lang='lat' dir='ltr'>xEmA</span> <span class='ocrx_word' id='word_1_334' title='bbox 587 2142 754 2189; x_wconf 84' lang='lat' dir='ltr'>appellata</span> <span class='ocrx_word' id='word_1_335' title='bbox 780 2140 866 2175; x_wconf 89' lang='lat' dir='ltr'>sunt.</span> <span class='ocrx_word' id='word_1_336' title='bbox 918 2140 1008 2175; x_wconf 89' lang='lat' dir='ltr'>Plin.</span> <span class='ocrx_word' id='word_1_337' title='bbox 1024 2140 1123 2188; x_wconf 88' lang='lat' dir='ltr'>Epist.</span> <span class='ocrx_word' id='word_1_338' title='bbox 1139 2142 1203 2176; x_wconf 86' lang='lat' dir='ltr'>VI.</span> <span class='ocrx_word' id='word_1_339' title='bbox 1221 2152 1275 2186; x_wconf 84' lang='lat'>31.</span> <span class='ocrx_word' id='word_1_340' title='bbox 1411 2140 1535 2173; x_wconf 85' lang='lat' dir='ltr'><em>Summo</em></span> <span class='ocrx_word' id='word_1_341' title='bbox 1548 2138 1595 2170; x_wconf 83' lang='lat' dir='ltr'>die</span> 
     </span>
     <span class='ocr_line' id='line_1_42' title="bbox 167 2182 1594 2238; baseline -0.004 -16"><span class='ocrx_word' id='word_1_342' title='bbox 167 2190 338 2224; x_wconf 80' lang='lat' dir='ltr'>abeuntibus</span> <span class='ocrx_word' id='word_1_343' title='bbox 356 2193 442 2232; x_wconf 64' lang='lat' dir='ltr'>nobis,</span> <span class='ocrx_word' id='word_1_344' title='bbox 469 2194 484 2233; x_wconf 91' lang='lat'><em>(</em></span> <span class='ocrx_word' id='word_1_345' title='bbox 495 2191 607 2238; x_wconf 81' lang='lat' dir='ltr'>Qam</span> <span class='ocrx_word' id='word_1_346' title='bbox 635 2191 760 2234; x_wconf 83' lang='lat' dir='ltr'>diligens</span> <span class='ocrx_word' id='word_1_347' title='bbox 787 2189 818 2222; x_wconf 83' lang='lat' dir='ltr'>in</span> <span class='ocrx_word' id='word_1_348' title='bbox 837 2187 950 2234; x_wconf 78' lang='lat' dir='ltr'><em>Casare</em></span> <span class='ocrx_word' id='word_1_349' title='bbox 967 2189 1156 2223; x_wconf 77' lang='lat' dir='ltr'>humanitas!</span> <span class='ocrx_word' id='word_1_350' title='bbox 1171 2189 1187 2231; x_wconf 90' lang='lat'><strong><em>)</em></strong></span> <span class='ocrx_word' id='word_1_351' title='bbox 1217 2187 1251 2221; x_wconf 91' lang='lat' dir='ltr'>X</span> <span class='ocrx_word' id='word_1_352' title='bbox 1255 2189 1284 2222; x_wconf 87' lang='lat' dir='ltr'><em>E</em></span> <span class='ocrx_word' id='word_1_353' title='bbox 1293 2187 1329 2221; x_wconf 93' lang='lat' dir='ltr'><strong><em>N</em></strong></span> <span class='ocrx_word' id='word_1_354' title='bbox 1333 2188 1383 2221; x_wconf 81' lang='lat' dir='ltr'>IA</span> <span class='ocrx_word' id='word_1_355' title='bbox 1402 2185 1476 2230; x_wconf 84' lang='lat' dir='ltr'>sunt</span> <span class='ocrx_word' id='word_1_356' title='bbox 1498 2182 1594 2226; x_wconf 78' lang='lat' dir='ltr'><em>miffa.</em></span> 
     </span>
     <span class='ocr_line' id='line_1_43' title="bbox 168 2227 1595 2284; baseline -0.006 -15"><span class='ocrx_word' id='word_1_357' title='bbox 168 2237 342 2282; x_wconf 83' lang='lat' dir='ltr'><em>——Saepe</em></span> <span class='ocrx_word' id='word_1_358' title='bbox 355 2239 486 2272; x_wconf 84' lang='lat' dir='ltr'>Divites</span> <span class='ocrx_word' id='word_1_359' title='bbox 506 2250 544 2271; x_wconf 86' lang='lat' dir='ltr'>ac</span> <span class='ocrx_word' id='word_1_360' title='bbox 565 2239 749 2284; x_wconf 84' lang='lat' dir='ltr'>potentiam</span> <span class='ocrx_word' id='word_1_361' title='bbox 762 2234 968 2270; x_wconf 70' lang='lat' dir='ltr'><em>adfeecantes</em></span> <span class='ocrx_word' id='word_1_362' title='bbox 984 2235 1084 2269; x_wconf 89' lang='lat' dir='ltr'>donis</span> <span class='ocrx_word' id='word_1_363' title='bbox 1106 2235 1203 2282; x_wconf 71' lang='lat' dir='ltr'>plane</span> <span class='ocrx_word' id='word_1_364' title='bbox 1219 2235 1341 2282; x_wconf 84' lang='lat' dir='ltr'>privati</span> <span class='ocrx_word' id='word_1_365' title='bbox 1357 2231 1476 2267; x_wconf 80' lang='lat' dir='ltr'><em>sortem</em></span> <span class='ocrx_word' id='word_1_366' title='bbox 1493 2227 1595 2262; x_wconf 85' lang='lat' dir='ltr'>trans-</span> 
     </span>
     <span class='ocr_line' id='line_1_44' title="bbox 169 2279 1595 2328; baseline -0.005 -13"><span class='ocrx_word' id='word_1_367' title='bbox 169 2281 290 2326; x_wconf 82' lang='lat' dir='ltr'><em>greffis‚</em></span> <span class='ocrx_word' id='word_1_368' title='bbox 316 2282 522 2328; x_wconf 83' lang='lat' dir='ltr'>plebeiorum</span> <span class='ocrx_word' id='word_1_369' title='bbox 543 2286 674 2318; x_wconf 85' lang='lat' dir='ltr'>animos</span> <span class='ocrx_word' id='word_1_370' title='bbox 692 2282 750 2317; x_wconf 84' lang='lat' dir='ltr'>fibi</span> <span class='ocrx_word' id='word_1_371' title='bbox 769 2282 950 2318; x_wconf 85' lang='lat' dir='ltr'>conciliare</span> <span class='ocrx_word' id='word_1_372' title='bbox 969 2281 1152 2317; x_wconf 80' lang='lat' dir='ltr'>studebant.</span> <span class='ocrx_word' id='word_1_373' title='bbox 1205 2284 1324 2317; x_wconf 91' lang='lat' dir='ltr'><em>Nemo</em></span> <span class='ocrx_word' id='word_1_374' title='bbox 1341 2291 1418 2314; x_wconf 85' lang='lat' dir='ltr'><em>vero</em></span> <span class='ocrx_word' id='word_1_375' title='bbox 1430 2279 1519 2310; x_wconf 85' lang='lat' dir='ltr'>inter</span> <span class='ocrx_word' id='word_1_376' title='bbox 1538 2286 1595 2310; x_wconf 89' lang='lat' dir='ltr'><em>ve-</em></span> 
     </span>
     <span class='ocr_line' id='line_1_45' title="bbox 168 2324 1595 2404; baseline -0.004 -42"><span class='ocrx_word' id='word_1_377' title='bbox 168 2340 257 2364; x_wconf 82' lang='lat' dir='ltr'><em>teres</em></span> <span class='ocrx_word' id='word_1_378' title='bbox 272 2328 384 2364; x_wconf 88' lang='lat' dir='ltr'>Plinio</span> <span class='ocrx_word' id='word_1_379' title='bbox 401 2329 536 2364; x_wconf 84' lang='lat' dir='ltr'>videtur</span> <span class='ocrx_word' id='word_1_380' title='bbox 548 2330 654 2376; x_wconf 61' lang='lat' dir='ltr'>[fuiffe</span> <span class='ocrx_word' id='word_1_381' title='bbox 672 2330 1080 2366; x_wconf 70' lang='lat' dir='ltr'>liberalior—Curiano</span> <span class='ocrx_word' id='word_1_382' title='bbox 1096 2329 1248 2366; x_wconf 70' lang='lat' dir='ltr'>Gratillae</span> <span class='ocrx_word' id='word_1_383' title='bbox 1270 2326 1361 2362; x_wconf 87' lang='lat' dir='ltr'>Filio</span> <span class='ocrx_word' id='word_1_384' title='bbox 1380 2324 1526 2368; x_wconf 80' lang='lat' dir='ltr'>legatum</span> <span class='ocrx_word' id='word_1_385' title='bbox 1542 2333 1595 2404; x_wconf 50' lang='lat' dir='ltr'>1r-e·</span> 
     </span>
    </p>

    <p class='ocr_par' dir='ltr' id='par_1_14' title="bbox 979 2371 1593 2412">
     <span class='ocr_line' id='line_1_46' title="bbox 979 2371 1593 2412; baseline -0.015 0"><span class='ocrx_word' id='word_1_386' title='bbox 979 2379 1019 2411; x_wconf 91' lang='lat' dir='ltr'>N</span> <span class='ocrx_word' id='word_1_387' title='bbox 1046 2389 1068 2412; x_wconf 92' lang='lat'>2</span> <span class='ocrx_word' id='word_1_388' title='bbox 1494 2371 1538 2405; x_wconf 90' lang='lat' dir='ltr'>mi</span> <span class='ocrx_word' id='word_1_389' title='bbox 1554 2378 1593 2403; x_wconf 76' lang='lat' dir='ltr'>rt.</span> 
     </span>
    </p>
   </div>
   <div class='ocr_carea' id='block_1_10' title="bbox 1248 1690 1374 1698">
    <p class='ocr_par' dir='ltr' id='par_1_15' title="bbox 1248 1690 1374 1698">
     <span class='ocr_line' id='line_1_47' title="bbox 1248 1690 1374 1698; baseline 0 1114"><span class='ocrx_word' id='word_1_390' title='bbox 1248 1690 1374 1698; x_wconf 95' lang='lat' dir='ltr'> </span> 
     </span>
    </p>
   </div>
   <div class='ocr_carea' id='block_1_11' title="bbox 1284 2160 1405 2167">
    <p class='ocr_par' dir='ltr' id='par_1_16' title="bbox 1284 2160 1405 2167">
     <span class='ocr_line' id='line_1_48' title="bbox 1284 2160 1405 2167; baseline 0 0"><span class='ocrx_word' id='word_1_391' title='bbox 1284 2160 1405 2167; x_wconf 95' lang='lat' dir='ltr'> </span> 
     </span>
    </p>
   </div>
  </div>
 </body>
</html>
