2059 2812
370 171 473 220 304
582 153 771 204 INDEX
793 144 1019 202 RERUM
1049 149 1102 201 &
1122 144 1466 201 VERBORUM
1494 148 1596 201 δια

695 253 722 286 Β

363 347 570 382 Beneficium
596 344 824 380 cedendarum
844 346 958 380 Aetio-

409 408 500 429 num.

360 442 570 476 Beneficium
593 439 787 475 Divifionis.

361 489 570 523 Beneficium
590 488 848 535 Competcntiae.

359 536 569 570 Beneficium
590 536 787 570 Inventarii.

359 583 566 617 Beneficium
586 581 743 616 Ordinis.

360 631 460 663 Bona:
479 629 575 663 Fidei
598 626 767 674 poffeffor.

359 678 529 711 Bonorum
549 675 713 723 posseffio.

685 771 713 804 C

353 863 488 911 Capitis
504 865 699 898 Diminutio
721 862 817 910 quid.

356 910 457 945 Casus
476 909 637 945 fortuitus
660 912 746 958 quis.

355 958 483 993 Cautio
500 958 623 1003 judicii
641 956 798 993 firmandi
819 956 924 991 causa.

356 1005 545 1039 codicillus
564 1004 658 1052 quid.

353 1053 499 1096 Cognati
525 1055 596 1099 qui.

353 1101 604 1143 cognationum
632 1099 752 1144 gradus
771 1097 948 1146 quomodo

402 1158 631 1181 numerentur.

351 1193 572 1228 Collatcraies
614 1193 792 1241 quomodo
830 1191 939 1228 succe-

398 1241 491 1275 dant.

351 1287 565 1323 commixtio
584 1288 680 1336 quid.

350 1334 619 1371 Commod-atum
644 1336 741 1383 quid.

350 1384 560 1417 Communes
579 1396 630 1418 res
649 1396 813 1430 quaenam.

349 1430 536 1465 Communi
553 1430 741 1466 dividundo
763 1431 873 1466 Actio.

349 1478 594 1523 Compensatio
612 1477 710 1525 quid.

350 1525 536 1560 Condiffio
553 1528 637 1560 certi
657 1539 698 1560 ex
715 1535 847 1561 mutuo,

349 1571 533 1606 Condi&io
553 1573 698 1607 indebiti
718 1572 814 1620 quid.

349 1618 516 1653 Conditio
537 1619 631 1666 quid.

350 1664 516 1700 Confusio
540 1666 634 1710 quid.

349 1712 521 1758 Conjuges
546 1711 682 1758 quando
702 1709 895 1745 succedant.

350 1757 536 1793 Consensus
563 1770 715 1805 quaenam
742 1757 806 1792 slnt
832 1758 946 1805 requi-

398 1805 469 1840 fita.

350 1854 559 1888 Constitutio
577 1854 741 1900 Principis
758 1850 853 1899 quid.

350 1902 552 1935 Contractus
570 1900 664 1946 quid.

349 1948 569 1982 Contrec‘tare
595 1947 688 1994 quid.

350 1995 457 2041 Culpa
484 1994 579 2041 quid,
621 1999 657 2029 δε
686 2006 841 2043 quaenam
874 1993 945 2039 ejus

398 2043 532 2089 species.

349 2090 439 2124 Cura
462 2088 557 2137 quid.

350 2138 531 2172 Curatores
563 2136 699 2185 quando
731 2136 854 2171 dentur
884 2147 946 2182 pu-

398 2185 500 2231 pillis.

676 2282 708 2314 D

348 2377 514 2410 Damnum
535 2375 658 2422 injuria
676 2374 792 2409 datum
811 2373 908 2421 quid.

988 391 1053 429 187

987 440 1054 473 186

985 497 1051 531 253

986 545 1051 578 135

985 582 1052 614 186

984 684 1048 719 157

1005 875 1047 907 52

982 916 1046 950 169

977 963 1048 1003 264

979 1016 1044 1050 147

1002 1064 1045 1098 52

978 1158 1042 1192 155

977 1245 1040 1288 163

975 1346 1044 1381 174

998 1395 1041 1428 73

974 1442 1042 1471 209

973 1489 1042 1516 217

977 1535 1040 1564 171

974 1584 1042 1614 209

976 1630 1039 1651 121

976 1715 1045 1756 164

972 1809 1042 1839 206

999 1857 1043 1886 16

974 1904 1040 1939 167

972 1959 1040 1981 220

974 2045 1038 2082 169

994 2188 1037 2218 61

971 2385 1037 2413 227

1110 246 1276 283 Defensor
1295 247 1379 294 quis,
1729 253 1798 299 263

1109 295 1294 340 Delegatio
1311 291 1408 342 quid.
1730 305 1800 334 216

1111 343 1282 378 Delictum
1303 341 1401 389 quid.
1729 347 1798 382 218

1110 389 1365 425 Descendentes
1391 389 1568 435 quomodo
1591 390 1704 428 succe-

1158 438 1251 472 dant.
1730 445 1795 476 161

1109 483 1307 532 Depofitum
1341 482 1446 531 quid,
1484 488 1522 521 &
1549 496 1703 532 quaenam

1155 533 1225 578 ejus
1243 531 1379 578 species.
1730 545 1796 580 175

1107 578 1324 626 DIspensatio
1343 578 1440 625 quid.
1753 593 1769 616 1
1780 594 1794 616 1

1108 627 1302 661 Divortium
1324 625 1420 673 quid.
1754 641 1796 674 39

1108 673 1214 707 Dolus
1231 671 1326 719 quid.
1730 681 1796 716 169

1107 721 1311 754 Dominium
1330 718 1425 767 quid.
1750 735 1795 765 79

1107 768 1270 802 Donati-a.
1750 781 1798 814 74

1107 815 1259 848 Donatio
1278 812 1372 861 quid.
1751 817 1796 856 98

1104 862 1258 895 Donatio
1275 862 1393 895 mortis
1409 860 1516 896 causa.
1729 873 1797 898 100

1104 909 1256 943 Donatio
1274 918 1411 956 propter
1431 909 1573 956 nuptias.
1727 921 1795 945 100

1432 1004 1458 1036 E

1103 1095 1223 1132 Edi&
1243 1098 1439 1132 Praetorum.
1752 1098 1795 1134 18

1103 1145 1340 1191 Emancipatio
1365 1143 1463 1191 quid.
1744 1151 1789 1191 46

1101 1190 1334 1238 Emphyteufis
1357 1191 1468 1238 qualis
1491 1193 1694 1228 contractus.
1724 1203 1796 1234 199

1100 1240 1237 1285 Emptio
1252 1237 1407 1273 venditio
1424 1237 1519 1286 quid.
1723 1251 1740 1274 1
1751 1252 1796 1281 90

1100 1287 1262 1333 Exceptio
1281 1285 1365 1332 quid
1386 1288 1423 1321 &
1441 1285 1644 1333 quotuplex.
1723 1287 1792 1322 268

1101 1333 1283 1368 Excusatio
1304 1333 1420 1368 tutelae
1442 1333 1494 1369 vel
1513 1345 1597 1368 curae
1616 1332 1714 1382 quid.
1750 1339 1794 1380 65

1103 1382 1283 1415 Exercitor
1304 1381 1394 1427 quis,
1725 1393 1793 1427 255

1103 1429 1316 1463 Exercitoria
1341 1428 1448 1462 Aetio.
1514 1469 1522 1477 ,
1725 1440 1794 1474 255

1101 1474 1337 1510 Exhaeredatio
1365 1474 1460 1523 quid,
1487 1477 1524 1511 &
1546 1476 1618 1523 ejus
1646 1474 1698 1510 ef-

1149 1521 1267 1558 fectus.
1728 1532 1795 1568 115

1433 1613 1461 1648 F

1098 1706 1249 1743 Falcidia
1265 1710 1349 1743 Lex.
1724 1721 1790 1757 143

1098 1754 1230 1790 Falsum
1251 1755 1348 1802 quid,
1377 1758 1415 1790 δε
1437 1755 1508 1802 ejus
1525 1767 1635 1803 poena.
1723 1769 1790 1797 291

1099 1802 1247 1837 Familiae
1265 1800 1467 1837 erciscundae
1485 1805 1594 1837 Aetio.
1721 1816 1789 1846 209

1098 1851 1188 1884 Ferae
1228 1860 1334 1897 captat
1366 1850 1544 1896 quomodo
1577 1850 1694 1884 nostrae

1146 1897 1240 1931 fiant.
1748 1899 1788 1934 81

1098 1944 1452 1980 Fideicommifforum
1498 1955 1615 1979 natura
1662 1944 1697 1980 δι

1145 1994 1255 2036 origo.
1723 2002 1790 2038 145

1097 2038 1285 2085 Fideiussor
1303 2041 1390 2087 quis.
1723 2040 1790 2086 185

1096 2086 1320 2121 Filiifamiiias
1336 2099 1484 2133 quaenam
1503 2086 1585 2122 olim
1599 2086 1693 2121 Patri

1144 2134 1393 2182 acquisiverint,
1418 2146 1569 2181 quaenam
1587 2133 1700 2168 hodie.
1745 2146 1786 2181 33

1095 2182 1206 2217 Fiscus
1228 2181 1406 2230 quomodo
1432 2193 1607 2216 vacantem
1628 2181 1693 2216 hae-

1145 2229 1327 2264 reditatem
1342 2239 1497 2276 occupet.
1720 2233 1789 2274 164

1094 2277 1231 2312 Foetur-‘i
1251 2274 1332 2323 quid
1351 2279 1560 2324 acquiratur.
1743 2277 1786 2322 83

1095 2326 1234 2360 Fructus
1263 2337 1305 2359 ex
1322 2323 1435 2360 alieno
1459 2324 1607 2371 percepti
1635 2324 1691 2358 cui

1144 2372 1278 2407 cedant.
1743 2369 1786 2414 85
