2059 2812
641 155 755 209 Lib.
783 156 877 209 IV.
950 157 1047 211 Tit.
1075 158 1268 213 XVIII.
1572 182 1669 232 291

297 271 319 296 2
329 271 362 306 3.
393 259 477 298 Lex
496 249 653 296 Cornelia
670 256 712 296 de
727 256 832 310 fhlsts
850 267 1009 298 coercet
1025 258 1192 308 crimen,
1219 259 1317 314 quod
1331 259 1370 299 in
1389 260 1567 302 veritatis
1586 263 1671 304 imi-

239 321 376 360 tatione
397 331 437 359 αι’
448 319 688 374 supprffone
706 320 744 360 in
765 321 920 362 alterius
930 322 1098 376 fraudem
1122 322 1238 363 dolose
1249 323 1352 378 fizHa
1371 324 1532 380 corfistit.
1589 327 1670 367 Cu-

236 426 366 470 fimum,
393 440 462 474 quo
479 438 634 476 tempore
659 430 700 463 L.
720 429 842 475 Hostius
860 439 1030 478 parentem
1057 431 1196 474 occidit,
1224 432 1277 466 cui
1305 433 1437 468 acceffit
1463 433 1570 469 caedes
1594 433 1670 477 alia,

236 486 335 521 quarn
356 475 514 510 habemus
527 488 569 511 ex
587 476 744 521 Epitome
762 478 911 512 Liviana.
965 479 1082 511 Fertur
1097 480 1187 511 enim
1205 480 1328 514 Publius
1346 481 1515 515 Malleolus
1531 493 1671 516 matrem

235 521 396 556 instulisse
412 521 454 555 de
471 524 552 564 vita,
572 521 716 568 ideoque
733 525 836 558 veteri
852 524 926 568 lege
941 523 983 558 de
1003 523 1179 570 parricidis
1192 524 1336 560 insutum
1353 526 1464 561 culleo
1483 527 1577 562 fimul
1593 541 1668 564 cum

236 580 330 611 cane,
348 571 474 616 vipera,
500 568 605 612 sunia,
631 572 665 604 &
685 569 775 613 gallo
792 570 977 615 gallinaceo
993 569 1133 606 mersum
1153 573 1187 605 in
1203 584 1294 606 mare
1312 571 1418 607 fuisse.
1473 575 1578 620 Qod
1597 587 1670 622 par-

236 616 419 650 ricidarum
439 615 636 663 supplicium
656 629 698 650 ex
716 618 836 653 vetusta
852 618 927 662 lege
940 617 1140 652 descendens
1156 619 1247 664 Sylla
1264 619 1490 663 confirmavit,
1517 632 1554 655 ut
1569 621 1671 656 doce-

235 673 310 696 mur
332 674 374 697 ex
401 666 556 698 oratione
581 663 758 697 Ciceronis
785 665 1280 712 Roi‘ciana.——÷Prtideritiss’ima
1305 669 1413 702 civitas
1428 668 1667 715 Atheniensium,

234 710 304 743 dum
324 722 360 744 ea
382 722 479 744 rerum
502 712 599 754 potita
624 710 672 757 est,
692 711 782 756 fuiffe
814 714 969 747 traditur:
995 716 1059 755 ejus
1075 722 1160 757 porro
1176 715 1308 748 civitatis
1325 715 1569 760 sapientiſsimum
1589 719 1672 751 Solo·

237 768 306 790 nem
322 759 426 792 dicunt
432 757 521 801 fuiffe
537 769 616 800 eum,
643 760 695 802 qui
711 760 802 802 leges,
826 761 925 803 quibus
939 761 1021 794 hodie
1036 772 1149 805 quoque
1169 769 1301 803 utuntur,
1321 761 1483 806 scripserit.
1536 764 1577 804 Is,
1603 775 1673 797 cum

235 805 483 847 interrogaretur,
510 816 561 838 cur
584 806 697 838 nullum
719 807 898 849 supplicium
921 806 1105 853 constituisset
1125 808 1157 840 in
1176 819 1255 849 eum,
1282 810 1334 851 qui
1348 811 1511 843 Parentem
1532 810 1670 854 necasset,

234 850 393 895 respondit,
413 851 448 895 se
479 852 509 884 id
538 853 684 886 neminem
706 851 861 895 faciurum
884 854 1007 899 putaffe.
1060 855 1220 898 Sapienter
1231 854 1334 899 fecisse
1355 857 1477 898 dicitur,
1498 868 1567 890 cum
1587 857 1623 890 de
1639 869 1673 891 eo

234 898 312 931 nihil
322 897 475 940 sanxerit,
500 898 577 942 quod
594 908 685 932 antea
704 899 878 942 commissum
896 913 951 935 non
978 910 1067 935 erat.-
1102 914 1137 935 ne
1157 914 1212 935 non
1229 911 1293 935 tam
1315 903 1477 946 prohibere,
1502 915 1595 948 quam
1616 905 1672 938 ad-

232 955 349 977 monere
367 945 527 978 videretur.
581 944 715 991 Qanto
730 950 856 988 majores
870 947 953 993 nostri
964 947 1143 993 sapientius,
1159 950 1211 992 qui
1226 961 1294 983 cum
1311 951 1516 994 intelligerent
1529 952 1608 984 nihil
1619 955 1671 995 (βε

235 1000 300 1025 tam
318 991 471 1036 santium,
495 991 571 1035 quod
587 1004 641 1024 non
660 994 822 1036 aliquando
835 996 960 1028 violaret
978 996 1120 1035 audacia,
1140 995 1316 1040 fitpplicium
1333 998 1363 1030 in
1379 997 1552 1031 Parricidae
1568 998 1674 1043 fingu-

232 1039 296 1071 lare
311 1040 579 1082 excogitaverunt.-
606 1047 650 1079 ut,
676 1051 748 1083 quos
763 1050 876 1073 natura
896 1040 958 1085 ipsa
975 1044 1104 1075 retinere
1121 1043 1152 1075 in
1168 1042 1253 1085 officio
1270 1054 1327 1076 non
1338 1043 1489 1087 potuiffet‚
1513 1046 1534 1077 ii
1551 1048 1669 1090 magni-

232 1086 336 1118 tudine
357 1094 455 1128 poenae‚
480 1085 622 1129 maleficio
631 1086 903 1128 summoverentur:
929 1087 1004 1133 iizsui
1022 1090 1179 1123 voluerunt
1194 1091 1225 1123 in
1251 1091 1369 1124 culeum
1392 1092 1483 1132 vivos,
1508 1100 1603 1135 atque
1626 1094 1672 1125 ita

231 1133 262 1164 in
274 1132 383 1175 flumen
401 1132 498 1173 dejici.
551 1134 580 1164 Ο
598 1131 780 1176 singularem
799 1134 997 1179 sapientiam,
1017 1134 1171 1182 Judices!
1203 1137 1307 1170 Nonne
1329 1137 1470 1172 videntur
1484 1138 1561 1173 hunc
1575 1139 1671 1172 homi-

233 1189 300 1210 nem
328 1190 364 1210 ex
391 1189 491 1212 rerum
515 1187 628 1211 natura
645 1179 799 1224 sustuliffe,
836 1179 873 1215 ἐφ’
891 1181 1034 1225 eripuiffe,
1067 1184 1115 1216 cui
1136 1192 1255 1226 repente
1275 1186 1391 1224 coelum,
1411 1184 1517 1229 solem,
1543 1197 1670 1229 aquam,

233 1234 405 1268 terramque
422 1226 595 1259 ademerunt
609 1229 621 1258 ἒ
649 1229 712 1268 Ut,
738 1229 789 1272 qui
805 1239 873 1262 eum
889 1228 1029 1272 necaffet,
1056 1229 1134 1263 unde
1149 1230 1209 1274 ipse
1224 1240 1312 1265 natus
1328 1229 1407 1274 effa,
1433 1240 1547 1265 careret
1567 1234 1604 1265 iis
1620 1244 1668 1265 re-

233 1273 280 1304 bus
295 1273 432 1313 omnihus,
455 1284 492 1305 ex
507 1273 605 1316 quilius
619 1275 719 1306 omnia
734 1284 808 1309 nata
825 1274 878 1318 effi»
892 1277 1045 1310 dicuntur.
1096 1277 1262 1312 Noluerunt
1271 1276 1345 1321 feru
1360 1287 1456 1322 corpus
1469 1279 1605 1320 objicere,
1631 1291 1668 1313 ne

231 1317 326 1364 bestiis
343 1330 470 1362 quoque,
495 1330 554 1362 qua
573 1328 689 1353 tantum
698 1320 798 1365 scelus
814 1322 989 1367 attigtffent,
1013 1324 1232 1357 immanioribus
1258 1334 1430 1367 uteremur;
1454 1337 1510 1359 non
1519 1325 1563 1371 fic
1580 1327 1674 1360 nudos

234 1365 384 1409 inflmnen
402 1366 539 1406 dejicere,
566 1378 614 1407 ne,
641 1379 706 1400 cum
720 1368 815 1403 delati
832 1368 920 1412 essent
937 1371 968 1404 in
986 1381 1080 1412 mare,
1106 1369 1200 1414 ipsum
1212 1373 1392 1415 polluerent,
1417 1383 1474 1417 quo
1489 1380 1593 1406 catera
1607 1384 1669 1418 que

231 1413 346 1445 violata
364 1412 451 1456 sunt,
477 1413 592 1456 expiari
613 1422 772 1457 putantur.
825 1419 967 1462 Denique
990 1418 1066 1450 nihil
1090 1424 1155 1451 t'am
1171 1419 1241 1460 vile,
1267 1430 1362 1464 neque
1389 1427 1453 1453 tam
1469 1421 1593 1464 vulgare
1618 1419 1668 1465 est,

230 1461 315 1500 cujus
341 1468 459 1503 partem
489 1461 581 1493 ullam
609 1462 798 1505 reliquerint.
850 1465 976 1499 Etenim
1000 1464 1073 1508 quid
1101 1473 1167 1499 tam
1185 1463 1223 1509 est
1246 1477 1407 1506 commune,
1433 1477 1524 1510 quam
1544 1466 1670 1510 spiritus

230 1507 326 1539 vive?
363 1505 456 1540 Terra
481 1507 630 1540 mortuis?
657 1508 994 1553 Mareflutiuantibus?
1022 1512 1128 1546 Littus
1149 1513 1245 1553 ejecte
1260 1516 1274 1546 ἓ
1308 1515 1359 1547 Ita
1375 1514 1493 1555 vivunt,
1518 1514 1589 1547 dum
1600 1513 1670 1558 pof-

221 1551 312 1595 sunt,
336 1560 368 1585 ut
385 1554 491 1586 ducere
513 1554 648 1587 animam
665 1555 701 1587 de
720 1558 789 1588 coelo
806 1569 863 1590 non
884 1566 1022 1600 queant:
1059 1559 1106 1591 ita
1130 1560 1303 1600 moriuntur,
1329 1569 1363 1594 ut
1384 1570 1483 1593 eorum
1504 1559 1561 1603 offa
1585 1569 1667 1594 terra

231 1610 286 1632 non
301 1607 408 1642 tangat
425 1614 433 1631 :
461 1600 506 1632 ita
519 1601 676 1640 jaciantur
682 1601 828 1645 fluetibus,
853 1612 890 1636 ut
901 1614 1057 1647 nunquam
1071 1607 1236 1639 abluantur
1248 1620 1258 1638 .·
1286 1607 1332 1640 ita
1340 1605 1480 1651 postremo
1494 1608 1667 1649 ejiciuntur,

230 1654 264 1679 ut
276 1657 312 1679 ne
331 1645 371 1678 ad
380 1644 461 1689 saxa
479 1646 598 1690 quidem
622 1649 727 1681 mortui
743 1648 1128 1695 conquiescant.—-Juv.
1148 1651 1217 1684 Sat.
1236 1651 1268 1685 8.
1288 1664 1316 1686 v.
1333 1665 1412 1688 211.

564 1693 680 1727 Libera
688 1693 716 1739 si
731 1695 839 1730 dentur
851 1697 956 1740 populo
965 1694 1127 1741 suffragia,
1152 1697 1238 1745 Qis
1251 1707 1316 1732 tam

565 1741 713 1783 Perditus,
739 1750 772 1776 ut
789 1742 906 1776 dubitet
920 1746 1065 1778 Senecam
1081 1743 1222 1788 preferre
1241 1745 1382 1781 Neroni?

567 1788 661 1828 Cujus
680 1789 829 1833 Supplicia
845 1801 900 1823 non
917 1790 1020 1823 debuit
1036 1801 1095 1824 una
1111 1792 1220 1834 parari

560 1834 585 1866 S
592 1834 611 1867 I
616 1833 662 1867 M
669 1835 730 1877 IA,
757 1847 810 1870 nec
827 1837 1031 1872 SERPENS
1049 1849 1132 1881 unus,
1153 1850 1207 1872 nec
1221 1840 1250 1873 C
1256 1839 1342 1874 VLE
1352 1841 1401 1875 VS
1413 1851 1495 1874 unus.

230 1877 326 1914 Idem
346 1878 415 1914 Sat.
435 1890 488 1926 13.
506 1892 535 1915 v.
554 1892 631 1926 154.
1320 1900 1329 1908 ·

564 1927 676 1973 Confer
692 1927 729 1963 ά
740 1930 896 1976 Artifices,
923 1940 1175 1977 mercatoremque
1192 1935 1308 1976 veneni,

565 1976 611 2009 Et
627 1977 830 2012 deducendum
848 1980 924 2012 corio
940 1980 1016 2014 bovis
1031 1981 1060 2012 in
1079 1991 1173 2022 mare,
1200 1992 1266 2015 cum
1283 1993 1339 2026 quo

567 2023 731 2057 Clauditur
749 2024 876 2070 adverfis
892 2028 1015 2060 innoxia
1032 2029 1057 2061 S
1063 2026 1130 2060 IM
1136 2028 1186 2061 IA
1203 2027 1298 2072 fatis.

230 2070 308 2104 Huc
326 2068 429 2103 etiam
446 2069 592 2115 pertinet
607 2068 692 2103 illud
708 2070 827 2105 Ovidii
841 2073 985 2106 Metam.
1003 2073 1080 2106 Lib.
1099 2073 1130 2107 8.
1152 2085 1182 2107 v.
1200 2086 1256 2115 97.

562 2118 619 2151 Dii
637 2126 669 2150 te
677 2116 895 2162 summoveant,
919 2123 948 2154 O
963 2120 1048 2166 nostri
1064 2119 1192 2164 infantia
1206 2121 1286 2166 secli
1305 2124 1313 2155 Ξ

565 2165 646 2198 Orbe
657 2164 712 2208 suo
721 2181 732 2206 5
753 2164 892 2212 tellusque
909 2167 976 2209 tihi,
1001 2167 1168 2213 Pontusque
1185 2178 1339 2213 negentur.

278 2216 351 2250 Lex
369 2217 508 2251 Cornelia
524 2216 559 2251 de
568 2214 669 2263 falfis]
694 2217 758 2253 Vel
777 2219 1013 2267 antiquiffimis
1030 2220 1242 2267 temporibus
1260 2222 1295 2256 de
1304 2219 1386 2265 falfi)
1403 2220 1561 2256 exstitiffe
1576 2221 1665 2267 leges

232 2275 335 2297 nemo
354 2262 573 2298 dubitaverit.
625 2263 688 2298 Sed
707 2276 821 2300 earum
837 2266 904 2314 jam
923 2266 1056 2314 pridem
1083 2268 1184 2313 periit
1211 2269 1386 2302 memoria.
1439 2268 1668 2304 celeberrima

231 2309 278 2342 est
303 2311 374 2344 Lex
393 2309 552 2345 Cornelia
582 2310 624 2344 de
651 2310 752 2355 falfis,
779 2326 878 2360 quam
905 2326 1251 2349 TESTAMENTARIAM
1276 2318 1313 2349 δε
1338 2327 1543 2351 NVMARIAM
1567 2327 1666 2351 vocat

232 2356 305 2391 Cic.
320 2359 417 2393 Verr.
433 2359 459 2392 Ι.
479 2369 536 2404 42.
555 2359 613 2404 qui
632 2361 668 2394 &
687 2358 798 2405 addit,
824 2375 861 2396 ea
877 2373 931 2398 non
942 2363 994 2404 jus
1017 2363 1137 2406 aliquod
1158 2374 1263 2398 novum
1286 2362 1472 2407 corstitutum
1489 2363 1542 2409 effe
1552 2366 1667 2456 ρομῗυ,

993 2408 1028 2443 Ο
1051 2420 1074 2441 0
1100 2421 1121 2443 2
1632 2412 1668 2445 ed
