2059 2812
597 134 712 185 Lib.
747 133 811 185 II.
884 131 981 186 Tit.
1023 132 1137 184 VII.
1490 152 1584 188 101

157 252 260 286 nem,
290 249 373 278 cum
392 234 476 287 quis
496 232 551 272 ita
569 232 707 282 donat,
736 241 781 272 ut
799 231 824 273 fi
843 231 939 285 quid
959 231 1183 272 humanitus
1202 229 1239 270 ei
1258 231 1502 284 contigisset,
1522 232 1589 273 ha-

158 302 270 340 beret
289 304 332 347 is,
359 298 428 351 qui
447 299 599 351 accepit
620 318 630 349 ;
660 297 714 337 fin
741 307 872 337 autem
892 294 1181 349 supervixisset,
1210 296 1241 333 is
1259 296 1328 348 qui
1346 294 1512 335 donavit
1530 309 1591 336 te-

156 363 305 415 ciperet
320 380 332 411 ;
363 360 425 400 vel
445 359 471 399 fi
489 374 580 400 eum
606 359 836 400 donationis
854 358 1120 409 poenituisset,
1150 367 1217 397 aut
1236 359 1350 410 prior
1369 355 1591 406 decefferit‚

156 422 220 464 cui
238 422 430 461 donatum
448 420 504 461 fit.
564 424 640 463 Hae
657 419 798 460 mortis
818 416 932 459 causa
949 417 1184 458 donationes
1203 418 1252 458 ad
1272 418 1497 474 exemplum
1514 424 1590 462 Le-

154 493 335 537 gatorum
355 497 425 537 per
444 485 578 524 omnia
597 483 767 524 redaCtae
788 481 888 521 sunt.

212 553 247 587 8.
277 551 336 587 Ex
355 550 474 600 paeto
494 547 735 587 Donationis
753 545 853 585 olim
881 544 1023 584 Civilis
1055 544 1267 597 Obligatio
1296 557 1379 583 non
1407 545 1589 587 nasceba-

153 619 233 658 tur,
264 610 506 664 Justinianus
533 620 663 650 autem
681 608 843 649 Paetum
861 607 1108 648 Donationis
1139 606 1229 662 lege
1250 606 1516 656 confirmavit,
1545 617 1590 648 ut

153 671 244 712 inde
263 673 326 726 agi
348 672 471 726 poffit.

484 783 587 826 Πράξιις
609 782 637 812 3*
654 782 665 812 ὃ
685 781 723 825 mi
741 781 863 825 τύχοιμι,
886 781 1015 822 νοςιὶσωμι
1036 781 1092 824 2029·

482 829 586 870 Aidblas
603 829 679 862 τῖινέὶ
700 827 762 862 συῗπ
775 828 911 865 mamm
926 829 1026 870 ἐὸμοις.

711 895 829 937 C.1pesse
845 894 922 926 hanc
931 890 1103 935 foeminam,
1129 903 1166 926 ac
1175 892 1279 937 serva,
1301 902 1406 937 precor

484 940 559 974 Huc
576 941 666 974 donec
683 941 790 974 iterum
805 939 941 981 Thracas
957 939 1104 972 adducens
1121 951 1208 984 equos

481 989 618 1028 Veniam,
644 987 779 1034 Uranuo
793 981 938 1029 Bistonum
960 984 1039 1030 misso
1059 987 1134 1019 neci.

481 1037 527 1068 At
538 1033 576 1079 fi,
602 1035 678 1078 quod
695 1034 812 1067 utinam
831 1044 867 1066 ne
876 1032 929 1077 fit,
955 1033 1081 1066 eveniat
1095 1033 1179 1074 mihi,

483 1081 638 1115 Famulam
649 1078 791 1123 futuram
806 1079 941 1114 Laribus
956 1079 1033 1113 hanc
1049 1078 1120 1112 dono
1139 1081 1210 1113 ruis.

152 1141 226 1175 Liv.
245 1140 321 1174 Lib.
338 1151 390 1184 32.
410 1140 493 1184 Cap.
509 1141 806 1183 38.-——-Pln'lippus
829 1152 895 1172 cum
920 1141 985 1172 acie
1011 1139 1227 1174 decernendum
1254 1140 1379 1182 videret,
1405 1138 1587 1185 &undique

152 1188 191 1221 ad
206 1187 241 1232 se
259 1186 472 1220 contrahendas
490 1187 580 1226 vires,
606 1181 738 1219 maxim&
765 1184 799 1216 de
818 1184 941 1217 Achaia
973 1183 1089 1216 urbibus
1113 1187 1310 1227 regionisabs
1329 1185 1364 1227 se
1389 1186 1520 1230 diversae,
1547 1185 1586 1220 &

152 1238 245 1278 magu
262 1243 362 1267 tamen
376 1233 411 1265 de
428 1234 528 1275 Argis,
547 1242 638 1275 quam
657 1231 691 1263 de
705 1231 844 1263 Corintho
853 1229 1010 1274 sollicitus,
1025 1230 1167 1272 optimum
1183 1239 1267 1264 ratus
1276 1231 1389 1264 Nabidi
1403 1244 1470 1265 eam
1481 1234 1584 1265 Lace-

153 1281 354 1314 daemoniorum
376 1278 513 1326 Tyranno
538 1276 824 1321 velutfiduciariam
841 1276 924 1316 dare,
949 1283 981 1309 ut
998 1276 1100 1309 viiiori
1108 1276 1164 1321 fibi
1181 1276 1345 1322 restitueret
1361 1293 1371 1319 3
1397 1277 1424 1323 fi
1441 1280 1512 1322 quial
1528 1279 1586 1312 ad-

151 1327 224 1372 verfi
237 1327 397 1370 accidisset,
424 1324 482 1369 ipse
500 1324 630 1357 haberet.

197 1388 230 1422 Si
258 1385 342 1434 quid
371 1385 562 1419 humanitus
588 1384 621 1418 ei
650 1381 870 1430 contigisset]
908 1383 1068 1425 Ανδγῶπινὸν
1091 1383 1249 1417 π.--8ἰ
1281 1382 1363 1429 quid
1389 1383 1584 1420 humanum.

150 1436 290 1470 Veteres
307 1433 429 1467 ominis
447 1432 543 1466 causa
559 1429 603 1465 fic
618 1429 860 1477 loquebantur.
903 1431 939 1464 Si
957 1429 1041 1476 quid
1058 1430 1143 1465 mihi
1162 1427 1339 1473 acciderit,
1363 1429 1408 1462 ἓν
1423 1443 1446 1464 π
1462 1433 1586 1472 cunei-

150 1481 196 1514 ἔσω
214 1493 237 1514 π
262 1479 337 1524 πάχο
368 1491 429 1526 pro
457 1477 480 1513 fi
511 1479 647 1513 moriar.
701 1476 918 1512 Abstinebant
946 1478 1036 1512 enim
1066 1490 1085 1511 a
1115 1482 1212 1513 mortis
1236 1475 1398 1513 vocabulo
1423 1487 1586 1525 tanquam

151 1527 317 1563 ominoso.

267 1613 427 1680 JUS
459 1611 710 1666 ANGL
729 1608 1105 1662 ICANUM.
1138 1610 1198 1661 ad
1219 1610 1317 1661 Tit.
1335 1612 1452 1661 vn.

198 1714 427 1748 Donationem
455 1712 557 1747 nostri
587 1711 858 1747 Feoffamentum
889 1709 971 1757 saepe
1000 1708 1191 1755 appellant3
1226 1709 1350 1744 Verum
1379 1709 1584 1743 Donationis

151 1772 275 1794 nomen
294 1760 403 1794 multo
428 1760 473 1794 est
492 1760 614 1795 latius:
651 1757 819 1805 fiquidem
847 1769 916 1791 non
943 1755 1048 1791 solum
1069 1755 1308 1798 immobilium,
1334 1754 1390 1790 sed
1410 1759 1445 1790 &
1475 1755 1585 1790 mobi-

151 1806 233 1841 lium
263 1818 539 1853 quorumcunque
571 1806 755 1850 gratuitam
788 1803 1028 1838 aHenationem
1057 1802 1336 1849 comprehendat.
1395 1801 1460 1837 Sed
1496 1803 1585 1836 circa

152 1855 276 1887 Terras
305 1852 348 1887 fic
374 1865 511 1900 quoque
536 1852 787 1896 distinguuntur
818 1851 883 1884 istae
912 1849 1167 1898 appellationes,
1191 1861 1228 1884 ut
1245 1849 1473 1893 Feoffamentum
1490 1847 1585 1883 feudi

150 1898 306 1947 simplicis
323 1899 367 1934 ad
391 1901 624 1943 Donatarium,
649 1898 705 1934 seu
719 1896 908 1933 Feoffatum
924 1914 935 1939 3
958 1898 1092 1932 Donatio
1109 1895 1216 1931 Feudi
1235 1897 1375 1931 Talliati
1393 1896 1584 1930 translatio-

153 1959 229 1982 nem
246 1946 422 1990 significet.

199 2003 409 2036 Donationes
434 2002 584 2048 quaedam
602 2000 705 2036 verbo
722 2017 733 2042 ;
758 1999 910 2047 quaedam
937 2009 1003 2033 non
1023 1998 1090 2033 fine
1108 1997 1252 2045 scriptis,
1276 1997 1330 2033 vel
1350 2011 1367 2032 F
1382 2009 1459 2032 ACT
1472 2010 1495 2033 o
1525 1994 1586 2041 (ut

154 2047 253 2083 nostri
271 2048 475 2095 loquuntur)
493 2049 636 2096 praestari
654 2047 801 2095 poffunt.
851 2045 984 2080 catalla
1001 2045 1071 2080 fere
1085 2047 1199 2079 omnia
1213 2043 1276 2079 five
1293 2043 1492 2090 personalia,
1519 2042 1584 2077 five

154 2094 253 2129 realia
271 2095 371 2130 verbo
389 2098 478 2131 τεᾶὲ
495 2096 676 2130 donantur.
729 2093 808 2130 Nifi
837 2102 946 2127 tamen
965 2105 983 2126 a
1009 2104 1152 2139 corpore
1170 2093 1316 2140 politico
1333 2091 1471 2134 dentur,
1489 2090 1583 2137 cujus

153 2140 307 2185 Sigillum
326 2143 360 2177 in
377 2144 472 2178 omni
489 2142 694 2177 alienatione
712 2142 758 2176 est
774 2139 1003 2177 necessarium.

203 2195 282 2229 Sine
304 2195 385 2239 fasta
410 2198 464 2233 vix
491 2198 614 2232 dantur
640 2199 721 2244 Jura
748 2197 959 2242 incorporea,
985 2192 1175 2241 cujusmodi
1204 2194 1277 2229 sunt
1302 2205 1428 2228 annuus
1446 2190 1581 2233 reditus,

154 2241 350 2287 Advocatio,
376 2245 533 2281 Reverfio
550 2255 716 2281 tetrarum
732 2244 802 2292 post
816 2250 959 2279 mortem
977 2241 1151 2289 praesenter
1168 2242 1361 2290 occupantis
1378 2244 1446 2276 &c-

1425 2343 1579 2384 Τιτ,
