2059 2812
450 154 548 219 136
841 146 1101 199 Elementa
1130 144 1276 213 Juris
1304 146 1473 200 Civilis

438 259 582 306 ponat,
611 245 830 290 venerabili
845 245 954 301 figno
969 255 1060 287 ante
1077 259 1198 287 manu
1214 243 1281 285 sua
1299 245 1522 299 praepofito.
1583 262 1620 295 5.
1649 250 1713 289 Ut
1730 248 1771 289 in
1790 249 1877 290 sub-

438 310 655 364 scriptione
674 307 795 349 addat
808 307 1071 361 quantitatem
1087 320 1234 356 rerum,
1251 310 1286 347 ὅ(
1305 306 1414 358 quod
1432 307 1537 349 circa
1553 322 1630 359 eaS,
1648 309 1754 350 nihil
1771 308 1877 351 frau-

439 372 626 413 dulenter
639 368 795 410 fecerit.
1465 399 1468 402 .

499 446 561 481 14·
592 431 806 472 Utilitates
823 440 955 471 autem
974 428 1122 482 septem
1137 442 1185 469 ex
1198 427 1276 468 rite
1295 426 1487 469 confecto
1509 427 1735 473 inventario
1754 433 1878 474 haeres

438 492 573 535 habet.
633 508 667 532 1.
697 492 824 548 Qod
842 506 925 532 non
943 500 1106 531 tenetur
1129 489 1236 530 ultra
1254 489 1358 530 vires
1377 488 1634 532 haereditatis.
1692 509 1730 534 2.
1749 491 1878 551 Qod

438 564 620 610 quartam
645 552 743 607 legis
765 551 953 594 Falcidiae
971 552 1116 592 servat.
1179 566 1214 600 3.
1245 550 1335 590 Sine
1358 549 1539 602 periculo
1561 550 1634 590 suo
1656 554 1789 606 primo
1813 567 1882 607 pe.

438 619 542 658 tenti
557 617 755 658 creditori
768 617 905 658 solvit.
960 630 1000 664 4.
1029 618 1129 657 Non
1146 613 1257 654 aliud
1271 614 1430 667 cogitur
1444 612 1614 663 solvere,
1639 631 1756 670 quam
1768 616 1880 671 quod

437 679 479 719 in
507 677 742 719 haereditate
771 679 839 719 est.
902 692 940 725 5.
971 676 1142 730 Repetit
1173 675 1349 728 sumptus
1380 689 1402 714 a
1433 673 1473 714 se
1504 685 1691 729 tanquam
1720 679 1880 721 haerede

437 740 578 783 factos.
639 749 661 780 6
668 774 675 783 .
698 741 904 790 Actiones,
922 753 1018 794 quas
1033 749 1174 782 contra
1187 738 1418 779 defunCtum
1432 737 1588 788 habuit,
1615 754 1696 781 non
1713 742 1878 783 amittit.

442 820 479 851 7.
510 806 715 859 Tempore
746 819 826 858 quo
851 806 897 847 fit
922 804 1206 851 inventarium,
1234 816 1306 843 nec
1332 816 1355 841 a
1379 800 1663 854 creditoribus,
1689 817 1762 845 nec
1785 817 1808 845 a
1825 805 1881 845 le-

438 868 604 922 gatariis
631 868 856 919 conveniri,
885 878 956 908 aut
981 867 1161 909 molestia
1191 866 1293 907 affici
1322 863 1455 906 debet.

967 963 1013 1011 T
1047 977 1065 1011 1
1103 978 1154 1012 T.
1226 961 1344 1011 XX.

988 1059 1067 1109 De
1103 1058 1320 1124 Legatis.

496 1175 530 1199 1.
562 1159 766 1200 Haecenus
786 1157 835 1196 de
851 1156 1086 1197 haereditate
1104 1169 1178 1208 per
1198 1157 1472 1195 testamentum
1488 1154 1632 1194 delata.
1690 1156 1884 1211 Qando-

437 1220 602 1274 quidem
631 1233 730 1260 vero
754 1224 790 1260 δι
811 1219 956 1272 Legata
981 1216 1220 1259 testamentis
1250 1215 1424 1269 relinqui
1451 1212 1594 1266 solent,
1621 1216 1805 1256 Titulum
1832 1218 1883 1259 de

436 1282 500 1323 his
514 1279 757 1338 Justinianus
776 1280 1024 1321 intermiscet
1042 1278 1236 1320 doetrinae
1252 1277 1302 1317 de
1319 1277 1594 1326 Testamentis,
1613 1291 1737 1331 quum
1751 1288 1883 1320 tamen

436 1343 489 1385 de
505 1343 599 1392 illis,
628 1353 815 1394 tanquam
829 1341 954 1383 modo
970 1340 1208 1394 adquirendi
1221 1340 1424 1396 fingulari,
1451 1341 1580 1381 statim
1593 1344 1682 1396 post
1695 1341 1882 1383 ‘situlum

437 1407 488 1449 de
503 1407 739 1448 Donatione
760 1406 824 1459 agi
847 1406 1057 1446 debuifl'et.

492 1488 531 1512 2.
561 1471 631 1510 Est
654 1483 753 1510 vero
777 1473 989 1524 Legatum,
1016 1466 1228 1507 Delibatio
1258 1466 1518 1515 haereditatis,
1548 1480 1624 1520 qua
1651 1469 1815 1510 testator
1834 1485 1882 1512 ex

438 1552 514 1584 eo,
554 1532 662 1586 quod
689 1531 913 1572 universum
942 1530 1110 1571 haeredis
1134 1532 1267 1580 foret,
1307 1532 1425 1575 alicui
1448 1532 1544 1587 quid
1577 1532 1768 1573 collatum
1796 1532 1881 1573 vult

438 1598 571 1643 verbis
593 1597 770 1638 directis.

499 1681 534 1714 3.
566 1668 718 1716 Legata
738 1660 837 1700 olim
865 1659 1031 1701 fuerunt
1057 1660 1351 1715 quadruplicia,
1379 1666 1415 1703 ὃ(
1440 1662 1582 1716 cuique
1609 1662 1745 1717 generi
1775 1673 1882 1704 certa

439 1732 474 1769 &
496 1725 674 1767 solennia
701 1725 883 1778 affignata
913 1726 1049 1775 verba,
1082 1735 1202 1767 certae
1230 1728 1328 1768 item
1356 1725 1555 1775 formulae,
1592 1727 1666 1767 five
1693 1728 1883 1777 actiones,

439 1790 522 1832 viz,
542 1805 576 1829 ι,
593 1793 670 1829 Per
693 1789 971 1830 vindicationem
994 1790 1055 1831 his
1081 1790 1224 1832 verbis,
1283 1793 1368 1839 Do,
1396 1794 1524 1846 Lego,
1546 1790 1706 1839 sumito,
1735 1791 1883 1844 capito,

549 1897 602 1964 J
619 1899 720 1948 US
753 1898 944 1949 ANG
960 1899 1009 1948 L
1029 1896 1413 1951 [CANUM.
1442 1899 1501 1949 ad
1523 1901 1768 1953 Titxix.

489 1996 660 2040 Haeredes,
688 2007 726 2031 ut
741 2009 760 2031 a
777 1997 892 2031 nostris
911 2009 1049 2043 quoque
1076 1999 1288 2044 accipiuntur
1305 1996 1443 2032 fuerunt
1463 1997 1543 2031 olim
1576 1996 1747 2032 neceffarii
1767 1998 1879 2043 quoad

441 2043 673 2079 haereditatem
694 2055 712 2077 a
729 2043 915 2090 majoribus
944 2057 1002 2091 per
1024 2047 1218 2090 proximum
1237 2044 1476 2079 antecessorem
1496 2043 1667 2078 diductam
1686 2048 1723 2080 δε
1745 2043 1879 2079 deriva-

440 2101 533 2132 tam3
573 2091 680 2138 idque
698 2103 765 2124 non
785 2091 890 2125 solum
909 2101 944 2125 ut
964 2092 996 2125 in
1014 2091 1119 2126 feudo
1142 2091 1372 2134 succederent,
1399 2091 1455 2125 sed
1474 2092 1573 2125 etiarn
1592 2090 1804 2125 antecessoris
1831 2090 1878 2126 sui

442 2150 484 2173 aes
500 2137 649 2173 alienum
668 2137 887 2172 distraherent
903 2155 912 2179 ;
934 2140 1037 2172 etiam
1057 2141 1238 2174 XVarantiis
1254 2138 1289 2171 id
1308 2139 1363 2180 est,
1389 2138 1432 2172 de
1451 2138 1636 2173 evincendo
1653 2137 1879 2181 cautionibus,

442 2197 523 2231 quas
541 2185 597 2219 illc
615 2185 665 2219 vel
683 2185 740 2218 alii
762 2186 906 2231 majores
924 2186 958 2218 in
974 2188 1072 2219 terris
1089 2185 1261 2231 aliquibus
1280 2184 1464 2219 vendendis
1482 2184 1583 2219 alicui
1604 2184 1878 2232 sposponderunt,

441 2231 581 2267 obnoxii
600 2242 763 2279 perpetuo
779 2236 819 2267 ὃ(
837 2231 981 2275 obligati
1001 2232 1115 2266 essent.

492 2280 554 2314 Per
569 2278 848 2324 vindicationem]
873 2280 1078 2314 Vindicatione
1097 2280 1261 2322 Legatum
1280 2287 1348 2312 erat
1367 2279 1401 2311 in
1420 2276 1575 2321 legatarii
1593 2278 1746 2321 arbitrio,
1771 2278 1876 2324 idque

442 2325 503 2360 fibi
522 2324 582 2372 ipfi
600 2325 691 2360 adita
711 2326 906 2360 haereditate
928 2327 1032 2360 statim
1051 2337 1180 2369 capere,
1205 2324 1256 2359 vel
1275 2327 1321 2359 rei
1341 2324 1570 2360 vindicatione
1599 2338 1712 2371 petere
1731 2336 1874 2372 poterat.

446 2372 530 2408 Tale
544 2382 616 2409 erat
633 2372 717 2408 illud
735 2372 822 2420 apud
836 2375 933 2417 Virg.
953 2375 1072 2408 AEn.V.
1095 2385 1122 2407 v.
1144 2385 1218 2419 533.
1716 2373 1875 2415 SVME,
