2059 2812
643 155 754 208 Lib.
787 156 879 209 IV.
954 155 1050 209 Tit.
1088 156 1176 210 XI.
1529 158 1631 217 265

198 271 379 312 tempore
409 255 613 297 sententiae
642 254 854 296 recitandae
881 264 1070 296 venturus
1099 255 1144 297 fit
1173 257 1215 296 in
1243 254 1632 312 Judicium.-—Rei

198 321 357 375 absentie
377 325 638 368 Procurator,
666 319 731 360 vel
750 317 951 359 Defensor
971 319 1106 372 potius
1133 331 1270 360 cavere
1293 327 1454 358 tenetur
1474 313 1516 354 de
1531 314 1631 369 judi·

199 395 315 425 catum
327 385 438 438 solvi.

257 463 291 494 7.
323 453 566 489 Procurator
594 446 736 488 Afloris
771 458 870 485 vero
906 444 1093 485 mandato
1131 445 1340 486 instructus
1376 458 1457 483 non
1489 450 1601 481 cavet
1620 460 1633 492 ;

198 510 385 550 mandato
404 511 613 550 destitutus
632 523 710 548 non
730 506 970 556 admittitur,
989 506 1136 546 etiamfi
1150 506 1241 545 satis
1260 506 1414 545 offerat.
1474 504 1512 543 Si
1528 517 1635 543 man-

200 571 335 612 datum
368 574 431 613 vel
462 569 759 626 quodammodo
790 582 968 610 mancum
998 568 1207 619 videatur3
1245 567 1308 607 vel
1337 565 1508 619 persona
1539 578 1636 603 con-

198 635 333 688 juntsta
350 649 425 689 pro
443 637 580 683 altera,
608 635 673 674 vel
688 642 929 687 procurator
944 632 1122 673 omnium
1140 632 1336 672 bonorum
1351 643 1426 683 pro
1441 627 1639 674 Domino,

200 700 265 739 vel
283 702 416 740 Tutor
437 716 512 755 pro
534 699 710 754 Pupillo,
737 707 901 737 curator
926 710 1001 750 pro
1029 698 1185 737 minore
1212 705 1317 751 agat,
1345 692 1548 735 satisdabit
1563 693 1637 732 Do-

202 763 341 803 minum
360 779 432 804 rem
457 775 576 804 ratam
599 761 818 801 habitarum.

260 834 295 868 8.
328 833 374 867 In
399 827 515 868 caufis
546 828 662 866 bonae
688 826 780 866 fidei
811 830 845 865 ὃ(
863 824 1086 864 arbitrariis
1119 820 1334 876 aliquando
1361 819 1638 873 deponebatur

201 892 383 944 pecunia,
401 904 489 944 quae
506 890 783 945 Compromiffiim
798 886 1084 942 adpellabatur.
1144 887 1282 942 Qun
1297 884 1404 924 enim
1418 881 1639 937 periculum

203 955 312 1003 effer,
342 965 385 994 ut
406 954 596 994 alterutra
613 967 701 1007 pars
722 951 878 994 Arbitri
899 949 1021 990 laudo
1041 951 1183 1000 staret3
1220 948 1451 1002 plerumque
1470 945 1554 986 haec
1572 958 1640 997 pe-

204 1015 318 1057 cunia
337 1016 624 1069 deponebatur,
654 1027 697 1056 ut
716 1013 872 1055 multitae
892 1013 984 1053 loco
1003 1013 1227 1066 eriperetur
1247 1010 1300 1058 ei,
1327 1010 1397 1063 qui
1417 1008 1494 1049 hoc
1516 1004 1640 1047 modo

203 1076 369 1117 elufiffet
388 1076 625 1118 Arbitrium.

253 1186 372 1220 Potius
386 1197 505 1220 cavere
521 1194 654 1220 tenetur
670 1183 915 1230 dejudicatum
935 1182 1048 1228 solvi.]
1076 1183 1148 1218 Cic.
1165 1194 1227 1228 pro
1244 1183 1278 1216 P.
1295 1180 1475 1225 Qinffio,
1499 1191 1640 1222 29.—

205 1231 260 1277 Iste
273 1231 411 1277 postulat,
436 1244 470 1267 ut
487 1234 661 1267 Procurator
672 1233 842 1273 judicatum
851 1231 925 1276 fitlvi
937 1231 1113 1277 satisdaret.
1166 1231 1268 1274 Negat
1285 1229 1441 1272 Alphenus
1459 1239 1571 1272 aequum
1587 1226 1642 1271 effe

201 1289 424 1323 procuratorem
433 1280 597 1325 satisdare,
622 1280 695 1323 quod
710 1290 780 1313 reus
789 1278 940 1323 satisdare
964 1290 1018 1311 non
1037 1279 1166 1319 deberet,
1184 1277 1211 1323 fi
1227 1276 1286 1322 ipse
1303 1274 1422 1319 adesset.
1476 1276 1642 1319 Appellan-

208 1337 259 1360 tur
280 1328 415 1368 Tribuni,
439 1340 458 1360 ιι
477 1329 580 1372 quibus
597 1338 662 1360 cum
688 1326 756 1370 effet
772 1336 885 1360 certum
902 1327 1052 1360 auxilium
1071 1326 1214 1369 petitum,
1241 1326 1288 1357 ita
1306 1332 1408 1357 tamen
1432 1321 1593 1367 disceditur
1608 1329 1644 1354 ut

208 1375 309 1408 Idibus
327 1375 541 1418 Septembribus
559 1375 596 1407 P.
608 1373 790 1419 Qintiium
798 1373 856 1420 fisti
875 1376 970 1408 Sext.-
997 1372 1150 1416 Alphenus
1162 1372 1364 1417 promitteret.
1407 1370 1497 1404 Venit
1514 1369 1641 1403 Romam

210 1421 378 1468 Qnttius
388 1437 398 1462 3
421 1422 623 1456 Vadimonium
632 1420 714 1466 fistit.

259 1467 311 1511 [ste
338 1469 418 1501 homo
448 1469 607 1502 acerrimus
638 1470 775 1501 bonorum
797 1465 936 1512 poffessbr,
970 1464 1112 1510 expulfhr,
1138 1474 1263 1509 ereptor,
1289 1475 1399 1499 annum
1417 1461 1455 1498 ό
1465 1462 1522 1508 fix
1538 1461 1648 1507 menses

210 1515 287 1548 nibil
302 1517 404 1558 petit;
432 1514 578 1558 quiescit3
607 1515 812 1548 conditionibus
829 1516 916 1555 hunc,
943 1514 1039 1557 quoad
1052 1511 1151 1556 potest,
1174 1513 1314 1555 producit
1331 1527 1341 1552 ς
1376 1523 1397 1545 a
1413 1512 1470 1545 Cn.
1487 1510 1646 1545 Dolabella

211 1562 337 1606 denique
355 1562 480 1594 Praetore
493 1560 632 1606 postulat,
659 1570 692 1594 ut
713 1560 769 1605 fibi
786 1561 955 1608 Qntiius
980 1561 1154 1600 judicatum
1171 1558 1246 1602 fhlvi
1266 1557 1433 1604 satisdaret
1450 1570 1488 1590 ex
1499 1556 1649 1601 formula,

211 1608 308 1655 Qd
329 1608 366 1641 ab
383 1620 414 1641 eo
428 1617 514 1651 petat
532 1624 542 1648 ;
567 1608 704 1651 quoniam
722 1609 786 1648 ejus
805 1620 842 1640 ex
856 1608 961 1641 Edic‘io
979 1606 1114 1639 Praetoris
1137 1606 1212 1638 bona
1239 1608 1301 1640 dies
1319 1604 1421 1638 XXX.
1437 1603 1552 1648 poffeffa
1573 1603 1646 1649 fint.

213 1654 468 1738 {pirizrecusabat
492 1654 670 1704 Qnilius,
706 1655 778 1697 quin
808 1655 854 1687 ica
868 1653 1018 1698 satisdare
1042 1653 1172 1694 juberet,
1202 1652 1226 1699 fi
1254 1654 1328 1688 bona
1352 1650 1468 1697 posseffa
1492 1650 1580 1697 essent
1608 1661 1647 1684 ex

266 1714 289 1735 l(
305 1714 331 1734 0.

263 1762 348 1804 Qae
365 1762 598 1806 Compromiffum
615 1758 877 1807 adpellabamn]
915 1760 986 1794 Cic.
1008 1769 1069 1806 pro
1087 1757 1277 1804 QRoscio
1294 1757 1478 1801 comoedo,
1507 1770 1648 1793 12.—

216 1809 297 1857 Qae
315 1821 380 1843 cum
398 1810 442 1842 ita
452 1808 524 1855 fini,
549 1820 642 1853 quero
657 1810 709 1842 abs
723 1816 764 1851 te,
788 1808 858 1853 quid
877 1809 921 1842 ita
936 1809 971 1841 de
985 1807 1039 1839 hac
1056 1807 1196 1850 pecunia,
1221 1806 1256 1839 de
1272 1815 1392 1840 tuarum
1405 1806 1578 1840 tabularum
1586 1806 1648 1850 fido

217 1860 244 1890 C
254 1862 282 1890 c)
295 1857 339 1889 M
347 1856 498 1891 PROM
507 1858 526 1890 I
533 1859 557 1890 S
564 1858 587 1889 S
597 1857 625 1890 V
628 1855 673 1889 M
688 1854 817 1899 feceris,
842 1856 987 1889 arbitrum
1000 1851 1168 1899 sumpseris,
1193 1861 1342 1898 quantum
1358 1854 1462 1898 aquius
1479 1851 1516 1888 ὁ·
1542 1853 1650 1887 melius

208 1904 249 1950 fit
273 1905 352 1946 dari,
377 1904 613 1948 repromittique‚
632 1902 658 1948 fi
671 1906 816 1947 peteres?

345 2003 506 2070 JUS
537 2002 727 2054 ANG
746 1999 1196 2054 LICANUM.
1228 2001 1289 2053 ad
1315 2001 1414 2052 Tit.
1429 2003 1519 2055 XI.

268 2114 318 2146 Ex
335 2113 508 2159 conceptis
531 2112 767 2160 plerorumque
786 2112 936 2147 brevium
956 2111 1170 2157 originalium
1189 2111 1305 2148 formis
1322 2120 1457 2159 apparet
1475 2112 1589 2148 Aecori
1609 2110 1651 2145 dc

222 2160 283 2194 lite
302 2159 533 2206 prosequenda
560 2160 746 2195 cavendum
775 2159 851 2203 effe,
878 2159 1069 2207 priusquam
1089 2172 1162 2194 reus
1179 2159 1349 2203 distringi,
1377 2159 1464 2205 capi,
1489 2171 1546 2193 aut
1563 2156 1604 2192 ad
1621 2157 1652 2192 se

223 2205 352 2241 sistendi
372 2209 559 2241 cautionem
586 2208 663 2250 cogi
681 2207 788 2254 poffit.
840 2207 967 2242 Verum
981 2206 1078 2242 verba
1096 2207 1155 2241 illa
1177 2205 1327 2241 brevibus
1352 2207 1516 2241 citatoriis
1534 2204 1653 2240 inserta

224 2252 327 2288 hodie
342 2251 455 2288 formae
470 2264 600 2290 tantuin
617 2253 775 2289 videntur
793 2252 962 2289 inservire.

274 2299 460 2345 Qomodo
482 2313 554 2335 reus
571 2301 614 2336 de
632 2301 663 2336 se
680 2301 818 2336 sistendo
837 2301 949 2348 priscis
973 2299 1178 2347 temporibus
1195 2302 1283 2336 cavit
1302 2300 1352 2335 vel
1370 2297 1556 2342 satisdedit‚
1581 2297 1654 2333 fuse

227 2346 451 2394 prodiderunt
475 2347 593 2395 aliqui,
617 2361 731 2384 verum
761 2348 845 2384 illud
873 2349 1065 2429 juinliagna
1093 2360 1155 2395 pro
1182 2358 1274 2396 parte
1303 2356 1468 2381 mutatum
1496 2345 1657 2440 es'glenigttli]
