2059 2812
427 167 499 217 60
832 158 1096 209 Elementa
1125 154 1272 223 Juris
1303 155 1344 204 C
1343 158 1472 209 ivilb's

466 272 522 301 '2.
553 259 620 300 Est
648 267 779 297 autem
795 255 1017 304 Aztaeoritas,
1047 254 1203 308 negotii
1235 269 1258 294 a
1285 255 1445 307 pupillo
1476 269 1565 298 cum
1583 266 1775 298 extraneo
1804 272 1869 312 ge-

429 322 546 364 rendi
565 318 744 372 expreffa
767 317 1025 371 approbatio,
1054 317 1183 356 statim
1203 315 1244 356 in
1266 315 1352 369 ipso
1369 320 1535 371 negotio
1550 318 1742 360 facienda.

492 404 526 436 3-
556 385 722 425 Dicitur
746 395 836 423 CVM
860 394 1112 429 Ex‘rRANEo,
1141 379 1236 434 quia
1253 381 1388 421 Tutor
1418 380 1460 419 in
1493 395 1577 422 rem
1596 384 1704 423 suam
1730 383 1871 423 audior

429 451 517 491 fieri
544 463 625 489 non
661 448 805 501 potest,
833 461 915 487 non
940 447 1065 500 magis
1094 459 1214 499 quam
1248 447 1289 485 in
1322 446 1486 497 propria
1517 447 1629 487 causa
1659 448 1780 496 testis,
1808 453 1873 492 vel

429 512 551 567 judex
571 533 582 564 3
613 512 678 552 sed
697 511 747 551 ad
768 511 845 551 hoc
864 512 1058 559 Curator,
1086 509 1112 549 fi
1130 509 1238 550 forte
1257 507 1366 562 quod
1386 511 1593 564 negotium
1611 525 1694 551 cum
1715 511 1870 550 Tutore
1906 524 1908 526 ’

429 573 648 628 gerendum
668 573 728 623 fit,
758 573 909 613 dandus
926 574 995 612 est.

432 633 445 648 ’·
470 652 522 694 4.
554 636 736 688 Pupillus
770 644 899 675 autem
931 633 1007 674 fine
1032 633 1199 674 Tutoris
1232 634 1472 674 auetoritate
1498 634 1703 688 negotium
1730 647 1869 688 gerens

427 700 527 741 alios
543 700 705 753 quidem
719 699 788 740 fibi
804 698 958 752 obligat
974 718 984 750 3
1014 696 1098 750 ipse
1118 698 1204 737 aliis
1218 697 1383 738 civiliter
1397 713 1479 738 non
1497 698 1720 753 obligatur:
1751 698 1870 739 adeo-

476 809 532 843 Est
562 819 676 843 autem
707 807 918 854 Auctoritas]
960 805 1234 853 Antiquiffimum
1267 818 1336 843 erat
1367 808 1451 854 juris
1466 808 1614 842 Romani
1651 808 1869 854 principium,

427 855 540 890 alieno
559 857 696 890 nomine
713 867 812 898 agere
835 855 928 900 posse
944 855 1128 895 neminem,
1155 866 1264 900 neque
1286 856 1486 901 promittere
1502 856 1642 889 tertium
1662 854 1746 901 quid
1761 853 1868 888 fae'tu·

427 915 517 945 rum,
539 903 749 937 daturumve.
803 904 893 945 Ergo
924 913 986 935 nec
1015 903 1129 935 Tutor
1156 900 1275 947 pupilli
1303 904 1438 935 nominc
1468 901 1653 948 quidquam
1674 912 1734 936 aut
1756 913 1868 945 agere,

427 960 484 984 aut
504 951 699 996 promittere
718 957 863 995 poterat.
917 948 1034 993 Qum
1055 957 1163 981 tamen
1182 947 1310 982 lubrica
1329 949 1536 995 pupillorum
1554 958 1642 991 aetas,
1666 947 1868 994 consiliique

426 996 608 1030 infirmitas
627 1008 693 1029 non
713 1005 911 1042 paterentur
941 994 1074 1042 pupillis
1101 994 1239 1029 liberam
1271 996 1426 1040 permitti
1444 1007 1555 1029 rerum
1575 994 1704 1029 suarum
1722 994 1867 1029 admini-

426 1043 635 1085 strationem,
663 1041 853 1077 Tutoribus
867 1041 940 1088 plus
957 1042 1129 1088 potestatis
1146 1040 1417 1084 concedendum,
1443 1041 1779 1088 distinguendumque
1794 1043 1867 1076 exi·

425 1090 605 1125 stimabant
615 1090 775 1130 Romani,
793 1087 944 1123 infansne
959 1088 1041 1123 effet
1056 1088 1216 1133 pupillus,
1232 1100 1275 1123 an
1292 1089 1368 1123 istos
1386 1088 1536 1123 infantiae
1553 1101 1655 1123 annos
1669 1088 1860 1136 superasset.

425 1137 462 1171 Si
480 1136 590 1171 infans
607 1135 712 1177 effet;
750 1137 866 1170 Tutor
882 1137 1024 1170 omnino
1041 1135 1161 1178 agebat
1183 1148 1249 1170 non
1274 1136 1411 1182 Pupilli,
1438 1135 1494 1170 sed
1522 1135 1580 1170 suo
1601 1137 1751 1170 nomine.
1805 1136 1864 1169 Sin

424 1182 577 1218 infantiae
591 1194 694 1217 annos
710 1182 890 1228 superasset
903 1182 1060 1228 pupillus,
1086 1181 1154 1227 ipse
1168 1193 1284 1214 omnes
1300 1183 1448 1215 affitiones
1463 1182 1559 1224 legis,
1584 1181 1770 1228 omnesque
1785 1192 1866 1215 con-

424 1233 550 1264 traditus
566 1238 699 1276 poterat
713 1228 894 1274 explicare,
912 1230 959 1261 ita
978 1238 1088 1261 tamen
1106 1237 1144 1261 ut
1155 1229 1265 1261 Tutor
1280 1228 1429 1273 perfeeto
1443 1229 1583 1272 negotio
1600 1226 1739 1273 praesens
1753 1228 1862 1264 statim

424 1289 565 1313 achoR
585 1276 682 1310 fieret
700 1292 711 1317 3
733 1278 769 1310 ὅ(
789 1275 869 1310 hinc
883 1273 1062 1310 vocabatur
1080 1286 1323 1310 AVCTORITAS.
1375 1274 1676 1322 Qemadmodum
1697 1276 1784 1310 enirn
1804 1288 1864 1322 po-

425 1323 522 1371 pulus
543 1336 712 1364 IVBEBAT,
737 1323 878 1356 Senatus
905 1334 1047 1357 Avcrou
1067 1320 1184 1363 fiebat,
1210 1322 1257 1354 ita
1283 1320 1429 1368 pupillus
1457 1321 1591 1365 agebat,
1619 1326 1657 1357 &
1686 1323 1863 1357 contrahe-

423 1372 493 1414 bat,
519 1373 631 1405 Tutor
646 1368 883 1415 interponebat
900 1379 1201 1409 AVCTORITATEM,
1228 1367 1294 1403 fine
1312 1369 1379 1415 qua
1397 1367 1542 1404 validum
1566 1368 1656 1403 haud
1674 1380 1744 1404 erat
1759 1381 1863 1414 nego·-

423 1420 524 1459 tium,
549 1415 717 1463 siquidem
734 1415 884 1450 deterior
897 1427 939 1448 eo
957 1413 1028 1462 ipso
1043 1414 1139 1448 fieret
1154 1415 1278 1460 Pupilli
1301 1415 1465 1450 conditio.
1475 1418 1610 1451 —Non
1627 1428 1708 1460 ergo
1725 1430 1862 1453 Avcro-

423 1476 531 1499 R1TAs
550 1472 622 1497 erat
641 1461 729 1497 nuda
743 1462 956 1509 approbatio,
983 1473 1044 1494 nec
1056 1460 1170 1506 jussus»,
1187 1461 1243 1494 sed
1262 1463 1354 1496 aestus
1368 1462 1542 1506 legitimus
1557 1462 1590 1498 δε
1605 1461 1761 1507 solennis,
1788 1477 1862 1498 cer—

422 1512 524 1557 taque
541 1509 686 1545 formula
703 1508 932 1556 explicandus.
984 1506 1055 1541 Ubi
1076 1507 1227 1554 Pupillus
1245 1507 1337 1542 verbi
1354 1511 1462 1553 gratia
1482 1511 1514 1544 in
1530 1511 1683 1545 cretione
1702 1510 1859 1545 Haeredi-

421 1561 497 1593 tatis
515 1557 614 1593 verba
631 1557 781 1601 legitima
798 1556 1091 1603 pronunciaverat,
1117 1554 1384 1598 interrogabatur
1400 1558 1526 1600 Tutor,
1554 1570 1747 1593 Ave-roam?
1765 1557 1860 1600 estet,

420 1615 458 1639 ut
475 1603 628 1651 Pupillus
643 1603 887 1638 Haereditatem
905 1603 1028 1645 adiret,
1055 1612 1273 1649 cerneretque
1289 1607 1302 1637 ?
1329 1605 1448 1651 quue
1464 1603 1679 1648 adfirmante,
1703 1615 1773 1639 rata
1789 1617 1859 1640 erat

420 1651 546 1699 Pupilli
564 1653 663 1687 aetio.

665 1697 850 1765 JUS
898 1696 1184 1749 ANGL
1211 1696 1609 1750 [CANUM.

464 1799 535 1844 Qi
560 1799 656 1833 annis
677 1799 798 1842 viginti
823 1810 890 1833 uno
908 1799 1021 1832 minor
1035 1797 1091 1841 est,
1115 1797 1250 1831 nomine
1269 1795 1328 1831 suo
1347 1798 1546 1833 contrahere
1565 1811 1631 1832 non
1653 1799 1771 1845 potest,
1797 1799 1855 1834 nifi

415 1858 477 1893 pro
494 1845 591 1880 rebus
608 1845 652 1880 ad
670 1847 810 1890 vietum,
836 1846 1060 1893 vestitumque
1078 1848 1115 1880 &
1141 1844 1389 1879 institutionem
1415 1845 1603 1880 necessariis
1621 1844 1686 1879 fine
1706 1847 1853 1881 auetori-

416 1903 486 1927 tate
504 1893 537 1928 &
554 1891 714 1927 consensu
730 1893 802 1938 ejus
820 1892 878 1928 sub
893 1893 987 1939 eujus
1004 1891 1164 1934 custodia,
1191 1894 1242 1926 vel
1258 1892 1419 1939 potestate
1434 1893 1488 1927 est.
1528 1895 1578 1926 Ut
1596 1905 1656 1926 nec
1673 1894 1855 1939 injudicio

415 1939 498 1973 stare
524 1940 679 1974 adversus
706 1939 813 1987 ipsum
838 1938 1021 1975 Custodem
1051 1949 1108 1973 aut
1134 1939 1587 1975 Tutorem—Meliorem
1616 1939 1849 1976 conditionem

413 1983 502 2021 suam
523 1999 580 2034 per
603 1985 635 2021 se
653 1987 761 2034 potest
774 1985 885 2021 facere
903 1988 964 2034 qui
982 1987 1094 2021 minor
1111 1986 1167 2029 est,
1192 1986 1395 2023 deteriorem
1415 1999 1639 2035 nequaquam.

462 2036 612 2068 Tutores
638 2046 717 2068 vero
744 2034 866 2069 domos
884 2036 1067 2077 minorum,
1094 2045 1220 2080 parcos,
1243 2034 1377 2077 vivaria,
1404 2033 1524 2078 stagna,
1552 2031 1745 2067 molendina
1772 2033 1851 2069 alia-

414 2092 481 2128 que
499 2082 704 2127 pertinentia
718 2079 897 2116 sustentare
921 2080 1060 2123 debent,
1084 2093 1125 2116 ne
1148 2092 1206 2128 per
1219 2081 1466 2126 negligentiam
1484 2089 1653 2123 corruant,
1677 2080 1729 2114 vel
1747 2080 1849 2128 depe-

413 2137 521 2171 reant,
534 2140 593 2176 per
607 2141 707 2174 quam
718 2128 843 2163 vastum
862 2128 970 2163 valeat
982 2127 1182 2175 adjudicari.

460 2175 523 2209 Illa
535 2177 638 2210 etiam
656 2175 844 2210 authoritas
861 2175 1043 2210 Custodum
1062 2176 1118 2218 est,
1144 2184 1181 2209 ut
1202 2175 1418 2219 contrahant,
1444 2176 1478 2209 in
1493 2174 1628 2221 judicio
1646 2173 1743 2218 stent,
1770 2174 1848 2209 reli-

413 2233 547 2269 quaque
559 2222 683 2257 faciant
701 2234 761 2269 pro
783 2222 913 2270 pupillo
937 2222 1007 2265 suo,
1035 2234 1110 2269 quae
1128 2233 1253 2263 rerum,
1278 2221 1444 2269 statusque
1466 2221 1514 2256 sui
1540 2221 1591 2256 vel
1619 2219 1847 2257 conservatio-

411 2280 502 2312 nem,
524 2270 575 2304 vel
601 2271 704 2304 etiam
730 2270 975 2304 incrementum
1006 2268 1166 2316 spei’tant,
1192 2271 1228 2304 &
1245 2269 1432 2305 rationibus
1458 2268 1641 2305 reddendis
1669 2270 1701 2304 ei
1727 2269 1844 2318 justam

409 2324 541 2351 aetatetn
556 2315 679 2363 adepto
693 2315 833 2352 obnoxii
848 2314 936 2352 sunt.

1760 2407 1837 2448 que
