2059 2812
611 135 724 191 Lib.
757 136 848 192 III.
877 147 881 151 “
923 134 1022 188 Tit.
1060 135 1178 194 XI&
1516 146 1606 195 171

181 246 292 277 tuat:
323 238 397 289 Res
414 233 722 288 verofungibiles
735 234 941 284 dicuntur,
959 249 1044 289 quae
1060 233 1252 288 pondere,
1271 245 1436 276 numero
1453 238 1486 273 ὅ(
1502 245 1609 271 men-

180 300 267 339 sur&
286 300 475 340 constant.
535 302 582 337 In
601 299 661 337 his
679 299 785 338 enim
808 297 1037 338 tantundem
1056 300 1110 338 est
1130 297 1249 339 idem.
1455 338 1463 341 ,
1590 337 1594 339 ,

195 395 213 398 ,,
234 376 272 410 4.
302 365 440 416 Qum
460 372 641 401 mutuum
660 374 756 402 vero
767 360 818 399 fit
834 359 1041 408 alienatio,
1062 359 1237 401 infertur
1261 375 1293 402 ,1-
1313 361 1411 403 Non
1430 356 1498 397 nifi
1518 369 1609 396 eum

180 425 275 465 dare
292 426 401 478 poffe
420 435 616 472 mutuum,
640 425 710 477 qui
728 424 859 476 potest
877 423 1049 463 alienare
1061 442 1073 474 3
1103 423 1280 474 adeoque
1301 437 1337 460 2.
1354 422 1394 460 Si
1412 421 1515 473 quis,
1541 420 1609 473 qui

179 488 351 528 alienare
381 487 534 540 nequit,
562 497 742 526 mutuum
773 486 943 534 dederit,
971 499 1154 525 nummos
1189 494 1360 524 extantes
1387 483 1609 531 vindicari3

180 549 433 602 consumptos
453 548 542 588 bonci
564 548 638 599 fide
665 548 840 596 condici,
868 549 966 589 malci
987 548 1064 598 fide
1083 548 1239 588 afflone
1266 545 1315 584 ad
1345 544 1609 585 exhibendum

178 612 265 665 peti
283 612 407 664 poffe.
467 627 502 660 3.
532 611 721 662 Idemque
746 608 944 658 obtinere,
972 609 998 648 fi
1025 609 1112 662 quis
1138 608 1237 648 dolo
1263 606 1369 648 malo
1402 605 1611 658 pecuniam

180 674 347 715 alienam
368 673 447 713 fine
467 672 655 713 mandato
674 672 844 712 Domini
861 671 1019 713 dederit
1038 682 1226 712 mutuam.

203 752 206 754 ·
238 752 275 784 5.
350 736 498 776 uamvis
524 747 622 775 vero
654 735 696 773 in
721 745 864 775 mutuo
889 734 1081 774 alienetur
1109 733 1277 786 Species,
1305 747 1385 773 non
1413 731 1611 771 alienatur

181 812 312 840 tamen
331 801 543 853 quantitaS,
573 812 618 838 ex
649 811 775 851 eoque
795 796 988 849 sequitur,
1014 807 1057 836 ut
1083 796 1333 845 tantundem,
1362 801 1396 836 δε
1423 795 1532 848 quod
1563 794 1611 834 ad

181 865 455 919 quantitatem,
473 869 507 904 ὅ(
525 860 633 914 quod
652 861 702 901 ad
720 861 969 914 qualitatem,
986 859 1232 901 reddendum
1251 858 1297 899 fit
1310 868 1455 910 3--ut
1471 871 1613 899 conve-

180 927 264 969 niri
280 924 442 978 quidem
458 923 586 977 poffit,
607 933 651 962 ut
670 923 814 972 minus,
843 936 923 962 non
939 932 982 962 ut
996 922 1084 975 plus
1101 921 1306 969 reddatur,
1324 933 1438 972 quam
1451 919 1586 964 datum
1601 941 1613 972 ς

181 998 314 1027 -——ut
330 997 483 1026 mutato
498 985 634 1025 valore
655 999 906 1024 nummorum
922 984 971 1024 ad
986 995 1142 1037 tempus
1156 985 1384 1025 contraCtus
1404 981 1615 1035 respicien-

183 1051 278 1092 dum
297 1051 494 1097 videatur,
522 1047 591 1088 nifi
611 1047 661 1087 de
682 1049 792 1089 cert&
812 1047 940 1102 specie
965 1058 1138 1088 monetae
1155 1045 1359 1086 reddenda
1377 1056 1618 1086 conventum

183 1113 242 1155 fit.

240 1175 279 1207 6.
309 1169 369 1206 Ex
388 1165 466 1207 hoc
486 1166 696 1206 contraecu
717 1163 836 1203 datur
854 1164 962 1204 aetio
980 1164 1107 1212 unica,
1124 1162 1315 1202 nimirum
1334 1160 1505 1200 condinio
1524 1161 1615 1201 certi

184 1244 231 1269 ex
250 1239 386 1279 mutuo,
408 1227 471 1267 vel
490 1226 593 1266 Ac‘lio
613 1226 742 1274 mutui,
772 1239 848 1278 qua
864 1224 1056 1265 Creditor
1076 1224 1159 1278 agit
1178 1222 1362 1264 adversus
1379 1221 1619 1271 debitorem,

183 1291 317 1347 ejusve
340 1289 537 1330 haeredem
559 1287 610 1328 ad
630 1287 866 1327 tantundem
891 1286 932 1323 in
954 1284 1096 1326 eodem
1124 1298 1285 1339 genere,
1312 1284 1526 1337 eademque
1545 1284 1618 1324 bo-

185 1356 313 1395 nitate
335 1351 598 1399 reddendum,
627 1365 707 1390 non
733 1360 865 1390 autem
891 1348 940 1388 ad
964 1348 1109 1397 usuram,
1137 1362 1222 1401 quae
1247 1349 1331 1403 jure
1357 1350 1545 1391 Romano
1571 1361 1620 1388 ex

183 1414 394 1457 contr-aestu
413 1413 537 1454 stricti
554 1412 651 1466 juris
669 1426 749 1451 non
769 1411 979 1459 debentur,
1008 1409 1078 1450 nifi
1098 1409 1310 1465 promiffae.

236 1522 287 1559 Ad
305 1521 432 1567 usuras]
467 1519 619 1556 Multum
639 1521 803 1554 intererat
820 1520 910 1553 inter
927 1528 1059 1554 mutuum
1078 1521 1114 1554 δε
1124 1517 1237 1562 foenus,
1263 1519 1415 1565 quamvis
1431 1516 1515 1563 saepe
1534 1527 1618 1551 con·

186 1569 282 1607 fundi
301 1569 438 1604 soleant.
489 1568 544 1602 Ast
561 1568 713 1601 accurate
729 1566 883 1601 distinxit
901 1565 1010 1600 Plaut.
1026 1563 1112 1599 Asm.
1129 1567 1154 1599 Ι.
1174 1578 1204 1612 3.
1225 1577 1255 1599 v.
1273 1565 1336 1600 ult.

521 1638 605 1671 Nam
617 1636 646 1681 fi
670 1646 787 1670 mutuas
814 1644 869 1669 non
892 1643 1003 1680 potero,
1030 1643 1142 1669 cerrum
1166 1633 1204 1680 est
1220 1633 1342 1679 sumam
1359 1632 1479 1678 foenore.

187 1706 350 1739 Mutuum
369 1713 387 1735 a
401 1699 533 1736 foenore
552 1700 617 1734 hoc
632 1699 741 1742 distat,
769 1698 861 1746 quod
880 1707 1034 1733 mutuum
1061 1696 1125 1731 fine
1144 1695 1260 1739 usuris,
1283 1695 1394 1730 foenus
1409 1708 1483 1730 cum
1512 1693 1618 1730 usuris

188 1749 341 1791 sumitur,
364 1752 401 1783 δε
429 1748 474 1782 est
502 1749 632 1794 accepti
658 1748 774 1790 foetus,
799 1745 888 1780 unde
924 1748 961 1780 &
989 1745 1092 1790 graece
1118 1743 1199 1783 vin&
1224 1743 1363 1786 dicitur,
1399 1741 1488 1789 quali
1509 1752 1618 1789 partus

189 1797 299 1831 mutui
325 1795 462 1842 sumpti.

236 1844 322 1878 Cum
339 1853 419 1876 vero
438 1839 560 1876 modus
577 1837 794 1887 computandi
815 1838 941 1881 usuras,
966 1849 1034 1885 quo
1059 1836 1105 1872 ufi
1129 1835 1203 1871 sunt
1228 1836 1375 1871 Romani
1403 1834 1544 1870 multum
1575 1834 1616 1869 ab

190 1890 357 1925 hodierno
373 1886 524 1931 differat,
552 1899 662 1934 neque
687 1885 844 1922 omnibus
873 1885 959 1920 adet)
987 1897 1028 1919 ex
1054 1883 1164 1918 editus
1181 1882 1346 1925 videatur,
1371 1881 1522 1917 dabimus
1538 1894 1618 1929 ope-

196 1949 277 1979 ram,
298 1946 339 1971 ut
354 1946 423 1970 rem
440 1946 590 1977 omnem,
605 1934 729 1981 quant&
746 1933 819 1969 fieri
839 1932 946 1980 potest
963 1944 1019 1978 per
1036 1932 1209 1977 plenitate,
1226 1929 1442 1976 explicemus.

237 1982 331 2018 Adeo
351 1982 529 2017 intricatus
555 1981 623 2028 jam
643 1980 810 2016 veteribus
826 1979 1000 2015 videbatur
1028 1977 1084 2012 ille
1106 1976 1214 2012 usuras
1240 1976 1458 2024 computandi
1485 1973 1616 2019 modus,

192 2040 228 2064 ut
245 2041 364 2077 pueros
381 2028 454 2063 suos
471 2028 513 2063 ab
530 2027 605 2074 ipfis
623 2026 830 2062 incunabulis
856 2026 900 2061 ad
919 2024 1181 2071 intelligentiam
1211 2024 1309 2071 hujus
1327 2023 1445 2059 calculi
1467 2023 1618 2058 institue-

192 2087 282 2113 rent.
329 2076 421 2111 Hinc
432 2076 558 2110 Horat.
579 2075 648 2109 Ser.
667 2073 742 2109 Lib.
762 2078 795 2109 6.
821 2085 850 2108 v.
866 2086 922 2113 72.

946 2118 1191 2164 -.--Magnz

525 2169 600 2216 Qu
624 2169 716 2203 Pueri
740 2171 852 2212 magnis
878 2180 894 2202 e
919 2167 1146 2202 centurionibus
1170 2168 1239 2208 orti,

525 2218 611 2251 Laevo
627 2215 751 2262 suspensi
774 2215 880 2249 loculos
904 2214 1096 2258 tabulamque
1119 2214 1244 2255 lacerto,

527 2265 614 2299 Ibam
637 2263 746 2298 odonis
767 2260 929 2307 referentes
951 2262 1054 2299 Idibus
1079 2271 1147 2297 ara.

941 2355 1020 2389 Yz
1572 2347 1628 2393 ,Εὖ
