2059 2812
435 169 535 204 120
829 147 1090 196 Elementa
1120 143 1267 209 Juris
1296 143 1464 200 Civilbs

427 247 611 288 continet
627 245 777 287 Uncias
797 258 834 283 2.
856 242 956 296 quafi
973 243 1079 283 sexta
1100 255 1188 296 pars
1207 241 1300 282 affis.
1341 242 1565 298 Qadrans‚
1586 241 1705 296 (quafi
1722 253 1861 297 quarta

425 314 529 364 pars)
557 325 590 358 3.
645 307 788 348 Triens
817 305 944 360 (quafi
963 306 1104 360 tertia)
1125 320 1164 355 4.
1266 304 1434 345 uincunx
1462 306 1588 359 (quasi
1604 307 1775 359 quinque
1794 321 1863 347 un-

427 374 512 425 ciae)
537 386 575 419 5.
634 369 770 420 Semis‚
801 369 927 423 (quafi
947 368 1043 408 semi
1062 368 1163 422 assis)
1187 375 1222 407 6.
1279 370 1452 419 Septunx
1479 368 1605 422 (quafi
1625 368 1773 422 septem
1792 384 1865 410 un-

425 436 596 486 ciarum)
621 450 655 480 7.
713 437 800 484 Bes,
832 432 957 485 (quasi
987 432 1046 472 bis
1076 433 1220 485 triens)
1249 435 1283 472 8.
1346 428 1555 482 Dodrans,
1587 432 1692 485 quafi
1720 433 1864 486 dequa-

425 498 558 546 drans,
588 499 667 538 i.e.
691 497 859 551 dempto
919 495 1111 536 uadrante
1132 512 1168 545 9.
1225 496 1401 536 Dextans
1424 508 1487 536 10.
1544 496 1704 545 Deunx,
1742 495 1865 549 (quasi

425 575 514 601 cum
535 574 613 600 una
633 560 749 599 uncia
768 559 874 599 deest
893 559 977 611 assi)
1004 575 1018 596 1
1031 574 1064 599 1.

484 638 546 664 10.
578 627 695 662 Unus
708 625 847 663 Haeres
867 621 1037 674 scriptus
1056 629 1182 661 totam
1201 621 1347 674 accipit
1366 619 1653 669 haereditatem,
1668 619 1736 660 etfi
1754 620 1865 659 testa-

422 695 491 725 tor
509 698 600 725 eum
618 699 666 725 ex
684 684 794 725 cert&
814 697 857 724 re
874 684 1073 725 haeredem
1089 683 1290 737 scripserit
1309 703 1316 723 ε
1348 698 1420 724 nec
1440 698 1517 724 non
1537 683 1605 723 etfi
1622 685 1785 724 testator
1805 692 1866 721 to-

420 758 506 787 tam
524 761 665 802 capere
685 747 814 801 ipsum
833 748 1014 801 expresse
1031 748 1306 802 prohibuerit.
1365 749 1469 789 Nam
1486 747 1546 801 jus
1565 747 1682 788 civile
1700 761 1782 787 non
1801 762 1867 801 pa-

422 812 525 851 titur
542 810 711 852 eundem
729 812 771 851 in
786 805 1002 865 Paganis'&
1021 813 1164 852 testato
1183 817 1217 853 ὅ(
1236 812 1420 851 intestato
1440 809 1645 851 deceffiffe.

482 890 543 915 11.
576 875 616 914 Si
645 886 776 915 autem
797 889 893 913 unus
912 889 959 914 ex
979 884 1086 915 certa
1107 888 1148 914 re
1168 875 1382 923 institutus,
1410 873 1586 926 aliusque
1605 875 1643 914 ci
1662 874 1785 915 haeres
1801 872 1869 913 ad-

423 935 529 976 ditus
547 936 608 986 fit,
636 947 722 977 tum
741 937 855 990 prior
875 936 945 977 ille
965 940 1019 978 est
1037 938 1130 978 loco
1149 938 1347 991 legatarii.

481 1014 542 1041 12.
574 1000 760 1041 Pluribus
780 1013 878 1041 vero
899 1000 1103 1049 institutis,
1121 1010 1166 1039 ut
1181 1000 1347 1041 sciamus
1365 1000 1569 1054 quomodo
1589 999 1805 1042 dividenda
1823 998 1869 1039 fit

423 1063 635 1104 haereditas
662 1074 743 1103 tres
772 1063 1042 1104 considerandi
1062 1064 1151 1103 sunt
1176 1064 1294 1105 casus,
1350 1065 1427 1107 Vel
1462 1080 1494 1104 1.
1527 1064 1642 1106 Nulli
1669 1061 1868 1116 adscripsit

421 1126 607 1167 Testatos
626 1139 772 1181 parteS‚
800 1129 866 1168 vel
887 1144 922 1167 2.
944 1127 1155 1170 Omnibus.
1184 1128 1244 1165 vel
1274 1126 1593 1176 3.lesda1n.

480 1206 543 1237 13·
578 1193 715 1228 Primo
734 1191 823 1227 casu
843 1187 885 1225 in
905 1199 1030 1239 aequas
1047 1194 1179 1238 partes
1198 1199 1336 1225 onmes
1357 1185 1587 1226 succedunt.

480 1265 542 1300 14.
574 1249 757 1292 Secundo
789 1249 878 1292 casu
909 1260 976 1291 aut
1005 1259 1137 1302 partes
1164 1248 1251 1289 sunt
1283 1248 1506 1289 distributae
1539 1248 1644 1288 infra
1676 1251 1809 1299 assem,
1835 1256 1870 1292 ὃ(

421 1328 512 1368 pars
538 1329 678 1356 vacans
709 1313 898 1354 accrescit
921 1312 1080 1367 fingulis
1107 1326 1182 1365 pro
1211 1312 1324 1352 rata:
1362 1322 1431 1352 aut
1456 1312 1650 1353 excedunt
1676 1314 1808 1364 affem,
1835 1320 1872 1356 ὅ(

422 1378 534 1431 quod
556 1378 730 1418 excurrit
750 1376 910 1431 fingulis
928 1388 1003 1428 pro
1024 1374 1111 1416 rat&
1129 1375 1337 1416 decrescit.

482 1455 545 1488 15.
575 1440 721 1480 Tertio
754 1439 843 1479 casu
877 1449 956 1478 tres
987 1438 1136 1478 iterum
1169 1437 1318 1490 species
1357 1437 1656 1492 distinguendae.
1719 1455 1753 1480 1.
1785 1443 1870 1482 Aut

423 1513 555 1556 partes
576 1502 668 1541 sunt
688 1501 906 1542 distributae
934 1499 1039 1540 infra
1067 1503 1200 1549 affem,
1228 1508 1262 1543 ὅ(
1282 1501 1391 1554 quod
1411 1501 1517 1540 deest
1544 1501 1607 1541 assi
1629 1501 1736 1543 cedit
1763 1503 1870 1544 insti-

426 1567 524 1605 tutis
542 1565 617 1604 fine
637 1576 764 1618 parte.
824 1580 860 1603 2.
892 1567 974 1604 Aut
992 1563 1177 1617 superant
1203 1565 1335 1613 affem,
1363 1571 1397 1606 6<
1417 1564 1496 1606 hoc
1523 1565 1630 1618 quod
1657 1566 1870 1620 dupondio

424 1627 501 1667 five
521 1643 639 1668 xxiv.
658 1627 783 1667 unciis
803 1626 922 1676 deest,
953 1638 1021 1666 aut
1039 1627 1064 1667 fi
1083 1626 1333 1680 dupondium
1352 1628 1552 1681 expletum
1570 1628 1630 1678 fit,
1649 1630 1758 1682 quod
1776 1632 1870 1672 Tri-

423 1692 579 1744 pondio
611 1691 687 1732 five
715 1705 860 1731 XXXVI.
883 1692 1010 1731 unciis
1042 1691 1162 1740 deest,
1202 1691 1401 1743 accipiunt
1432 1692 1601 1732 instituti
1632 1691 1709 1733 fine
1739 1705 1868 1746 parte.

429 1772 466 1806 3.
499 1760 580 1798 Aut
613 1766 817 1811 exaequant
846 1756 990 1808 affem3
1035 1762 1070 1797 ἃ
1098 1755 1173 1796 fine
1203 1766 1317 1808 parte
1344 1755 1482 1810 scripti
1509 1757 1549 1795 in
1576 1770 1726 1797 novum
1752 1758 1869 1799 affem

766 1867 1052 1903 VNCIOLAM
1073 1867 1244 1901 Proculeius
1265 1867 1365 1909 lmbet,
1384 1866 1440 1912 sed
1463 1868 1543 1901 Gillo
1557 1869 1774 1902 DEVNCE
1787 1868 1839 1902 M.

429 1915 502 1948 Cic.
526 1913 627 1959 Epist.
649 1913 688 1946 ad
709 1915 826 1949 Famil.
849 1915 924 1949 Lib.
945 1928 983 1960 13
992 1916 1081 1957 .Ep.
1103 1927 1158 1954 29.
1168 1913 1444 1959 ——Tastmzc·1t0,
1471 1914 1546 1958 quod
1573 1915 1669 1948 Romae
1696 1917 1803 1948 Paullo
1829 1912 1866 1948 &

429 1961 584 1995 Μτνεείίο
601 1961 856 2005 COSS.fecer1t,
876 1964 983 1995 I-Iaeres
997 1974 1034 1994 ex
1046 1970 1135 2005 pmte
1150 1961 1287 2002 dimidia,
1307 1969 1344 1995 0
1359 1962 1450 1994 tertiz
1466 1960 1502 2005 est
1516 1963 1646 2004 Capito,
1638 1976 1645 1982 ·
1674 1963 1704 1993 in
1718 1964 1802 1995 Sett
1804 1971 1865 1994 mle

428 2008 520 2049 (unt
511 2010 546 2050 ti,
572 2020 692 2053 quorum
706 2018 737 2052 p
729 2021 779 2042 crs
787 2009 850 2053 fine
864 2011 926 2043 ulla
944 2008 1115 2054 ctq'usquam
1132 2006 1255 2053 querela
1268 2009 1388 2052 publica
1400 2007 1488 2052 potest
1505 2006 1567 2051 esse
1694 2007 1787 2041 Idem
1802 2020 1864 2054 pro

428 2056 569 2089 Coccina
593 2053 636 2088 de
663 2055 833 2089 Cei'cnniae
864 2057 1070 2090 testamenta
1198 2057 1282 2089 Fuit
1301 2056 1461 2089 Haeredem
1488 2056 1516 2088 E
1528 2053 1560 2086 X
1582 2055 1799 2089 DEVNCE
1826 2053 1864 2089 ὠ

430 2103 705 2137 SEMVNCJA
730 2105 891 2146 Cossium,
918 2104 989 2137 EX
1009 2104 1081 2137 Dl
1077 2104 1183 2137 -lBl
1184 2106 1208 2137 S
1231 2103 1403 2137 SEXTV
1407 2103 1494 2136 LIS
1517 2101 1866 2136 M.F1.120iniumliber-

427 2159 488 2183 tum
503 2150 661 2194 supciioris
681 2151 747 2191 vbi,
769 2151 895 2184 AEbutio
921 2150 1217 2185 SEXTVLAM
1239 2149 1378 2194 aspergit.

478 2229 564 2260 Non
586 2230 712 2273 patitur
730 2228 896 2275 eundem]
935 2230 984 2262 M.
993 2228 1126 2262 Tullius
1143 2226 1218 2260 Lib.
1241 2239 1274 2261 2.
1295 2230 1347 2261 De
1363 2228 1499 2273 Jtuent.
1524 2239 1551 2261 c.
1570 2239 1623 2262 21.
1761 2229 1866 2261 Unius

425 2276 552 2318 pecuniae
565 2278 662 2318 plures
679 2277 858 2321 diſsimilibus
872 2279 907 2310 de
926 2276 1017 2321 causis
1036 2278 1083 2309 ha·
1085 2277 1160 2309 edes
1176 2273 1227 2318 eff
1244 2287 1297 2308 non
1311 2275 1408 2318 posse:
1436 2288 1488 2310 nec
1507 2287 1620 2321 umqum
1613 2286 1641 2309 sn
1659 2274 1775 2319 fcitum
1800 2274 1866 2318 effe,

431 2333 466 2356 ut
482 2321 597 2367 ejmusdc
581 2326 749 2367 mpecuniae
764 2326 843 2359 alius
857 2324 1040 2370 testamento,
1067 2324 1199 2367 zliusleo
1186 2333 1220 2355 ‘re
1234 2323 1251 2356 Ι)
1255 2333 1305 2357 cy
1309 2321 1415 2366 sweffi.

1689 2381 1712 2408 v
1715 2367 1866 2416 eniunt,
