2059 2812
380 155 450 202 50
787 137 1053 190 Elementa
1083 136 1229 204 Jurbs
1256 137 1426 191 Civilis

379 237 684 279 commiffariam
703 235 851 290 accipit
870 235 1116 285 libertatem,
1146 235 1216 276 etfi
1233 238 1418 278 Testator
1434 238 1633 280 libertatis
1652 240 1825 281 mentio-

378 315 473 344 nem
490 302 640 342 nullam
658 299 819 342 fecerit.

433 380 474 415 4.
506 365 571 406 Ad
597 363 760 405 modum
781 373 862 404 tres
882 363 1088 418 pertinent
1110 364 1272 419 regulae.
1332 365 1464 405 Tutor
1483 367 1717 408 testamento
1737 368 1824 408 dari

379 430 510 484 potest
542 428 592 469 ad
613 439 767 470 certum
788 438 959 480 tempuS‚
985 427 1050 467 vel
1069 441 1116 467 ex
1136 437 1250 467 certo
1270 438 1469 482 tempore,
1498 430 1563 469 vel
1591 430 1661 470 sub
1686 431 1824 472 condi-

377 494 508 543 tione,
541 494 607 536 vel
637 502 729 533 ante
755 490 925 533 haeredis
957 491 1264 532 institutionem.
1323 493 1492 532 Interim
1523 493 1619 533 dum
1647 494 1730 535 dies
1764 494 1825 535 vel

377 559 565 600 conditio
584 558 832 612 expetitatur,
862 555 979 596 datur
998 555 1098 596 alius
1118 570 1138 595 a
1158 555 1408 609 Magistratu.

434 639 472 672 5.
503 625 638 664 Certae
658 621 717 661 rei
737 620 802 661 vel
822 619 947 661 causae
967 622 1103 661 Tutor
1122 619 1210 660 dari
1238 634 1321 660 non
1347 623 1492 674 potest,
1520 624 1610 676 quia
1631 624 1825 676 personae,

376 703 459 730 non
479 688 603 730 causae
623 687 687 727 vel
709 687 767 726 rei
792 687 924 726 Tutor
944 685 1076 734 datur,
1106 684 1176 726 nifi
1194 684 1304 726 forte
1324 686 1475 727 dandus
1493 687 1541 728 fit
1558 688 1611 728 ob
1630 690 1826 729 Patrimo-

375 754 488 794 nium
521 751 716 801 diffusum,
744 755 779 792 ὃ(
800 749 1076 791 difficultatem
1109 749 1461 792 administrationis
1488 753 1547 792 rei
1575 752 1731 808 longius
1767 752 1826 792 di-

376 818 528 861 stantis.

429 892 468 924 6.
501 882 632 926 Verba
649 880 791 935 quibus
812 881 978 921 testator
1005 881 1204 921 Tutorem
1223 879 1351 929 dedit,
1379 881 1548 934 proprie
1566 881 1654 921 sunt
1678 881 1826 935 accipi·
1860 934 1861 937 Ἴ

373 949 492 990 enda.
551 946 675 988 Unde
706 947 811 997 filiis,
838 951 874 988 ἃ
904 945 1062 987 filiabus
1089 945 1218 996 datm,
1247 947 1368 986 etiam
1400 945 1561 1000 quidem
1592 947 1826 1001 posthumis,

375 1010 445 1051 sed
462 1025 542 1051 non
562 1010 777 1062 nepotibus
798 1010 912 1050 datus
933 1009 1191 1063 intelligitur.
1248 1009 1490 1052 Liberorum
1513 1017 1547 1053 ὅ(
1571 1011 1826 1052 Posterorum

374 1089 476 1116 vero
497 1075 770 1130 appellatione
789 1083 956 1128 nepotes
977 1087 1137 1128 quoque
1156 1076 1429 1116 continentur.

908 1187 955 1234 T
990 1200 1008 1233 1
1046 1202 1098 1234 T.
1170 1185 1289 1234 XV.

631 1283 712 1335 De
736 1283 990 1349 Legitima
1015 1287 1335 1349 Agnatorum
1371 1281 1562 1334 Tutela.

431 1400 465 1425 1,
496 1386 596 1425 Cum
625 1382 711 1436 spes
739 1383 1046 1424 testamentariae
1072 1382 1231 1423 Tutelae
1253 1381 1402 1431 deficit,
1428 1380 1604 1423 succedit
1622 1383 1822 1439 Legitima,

374 1463 492 1503 quam
514 1453 598 1490 Lex
617 1446 765 1488 defert.

428 1518 464 1543 2.
498 1506 607 1557 Lege
637 1513 773 1543 autem
805 1518 865 1543 12.
884 1502 1011 1544 Tabb.
1038 1500 1088 1541 ad
1107 1500 1264 1541 Tutelae
1299 1515 1398 1541 onus
1424 1512 1593 1542 vocatur
1620 1504 1824 1556 proximus

375 1569 568 1622 AgnatUS,
597 1567 707 1622 quod
726 1567 981 1609 commodum
1003 1565 1240 1607 hereditatis
1259 1566 1308 1607 ab
1329 1566 1515 1607 intestato
1536 1567 1671 1608 habet.

642 1676 814 1745 JUS
865 1675 1550 1730 ANGLICANUM.

420 1778 502 1812 Dari
519 1779 632 1813 Tuto:
651 1777 870 1813 Testamento
886 1779 1005 1827 potest,
1033 1779 1092 1825 qui
1113 1778 1253 1814 liberam
1272 1777 1373 1813 habet
1391 1790 1501 1813 rerum
1520 1776 1652 1813 suarum
1675 1777 1821 1813 admini-

372 1825 592 1868 strationem3
618 1825 675 1860 ille
696 1828 860 1862 nimirum
879 1829 940 1875 qui
962 1827 1096 1874 plenam
1115 1836 1248 1861 aetatem
1273 1826 1435 1861 assecutus
1458 1839 1596 1873 compos
1620 1828 1744 1861 mentis
1761 1827 1817 1861 est.

373 1874 433 1908 Sin
452 1874 576 1920 aliquis
592 1874 814 1909 constituatur
832 1875 885 1910 vel
904 1876 1028 1918 minor,
1054 1878 1090 1909 δε
1112 1874 1275 1910 memoria
1302 1875 1410 1909 minus
1429 1873 1503 1909 sana
1521 1874 1673 1917 existens,
1700 1875 1727 1909 is
1746 1884 1820 1910 tum

372 1921 511 1956 demum
528 1921 684 1956 adhiberi
701 1921 818 1965 debet,
843 1935 919 1958 curn
938 1922 1016 1958 talis
1033 1920 1190 1958 defectus
1209 1920 1356 1957 sublatus
1374 1920 1488 1956 fuerit.

419 1977 575 2011 Vocatur
593 1977 766 2022 proximus
783 1976 952 2023 Agnatus]
986 1976 1102 2024 Qum
1118 1975 1224 2024 poffet
1241 1977 1440 2020 contingere
1455 1984 1492 2009 ut
1510 1974 1682 2009 intestatus
1701 1973 1819 2010 saltem

373 2022 488 2071 quoad
516 2024 657 2058 tutelam
686 2023 870 2060 decederet
899 2024 1175 2070 Pater-familias,
1211 2024 1344 2069 legibus
1370 2021 1651 2059 decemviralibus
1676 2024 1725 2057 ita
1749 2034 1821 2058 erat

372 2071 602 2106 constitutum.

421 2119 462 2154 SI
493 2131 700 2155 ῙΝτεετΑτο
726 2132 914 2163 mom-svn,
949 2132 1013 2157 cv1
1042 2131 1124 2157 svvs
1150 2132 1261 2156 HEREs
1290 2132 1359 2156 NEC
1387 2130 1505 2163 Escn,
1540 2129 1705 2155 AGNATvs
1732 2131 1819 2154 rao·

374 2177 496 2203 x1Mvs
521 2179 694 2203 τντειΑΜ
721 2180 923 2204 NANCITOR.

422 2213 475 2248 Ab
493 2214 556 2250 hac
582 2214 656 2260 lege
679 2228 873 2252 tEGrnMA
902 2215 994 2252 dista
1023 2217 1070 2252 est
1095 2215 1235 2260 Tutela,
1262 2214 1305 2250 ad
1329 2227 1430 2263 quam
1449 2214 1571 2260 Agnati
1590 2213 1634 2250 ab
1651 2213 1724 2262 ips-3
1742 2214 1818 2259 lege

371 2260 589 2298 vocabantur.

421 2310 587 2355 Qaenam
603 2309 644 2345 fit
661 2311 758 2357 hujus
780 2311 868 2356 legis
895 2312 1005 2356 origo,
1032 2311 1173 2350 eruditis
1194 2312 1344 2349 nondum
1370 2311 1482 2362 liquet
1496 2327 1508 2356 3
1533 2310 1678 2349 Veteres
1702 2320 1816 2345 autem

373 2357 595 2404 Legissatores
611 2359 756 2396 mirifice
773 2359 830 2395 hic
844 2357 1085 2409 discreparant.

1690 2405 1813 2441 Soron
