2059 2812
603 158 719 209 Lib.
757 155 849 208 JV.
921 152 1017 207 Tit.
1055 149 1250 204 XVm.
1397 224 1407 229 μ
1542 115 1644 213 ιές

595 258 781 295 Laudamur
795 256 886 303 fimili
897 256 979 300 prole
996 255 1147 299 Puerperae
1162 269 1173 295 ς

645 306 771 349 Culpam
783 315 869 349 poena
882 305 993 348 premit
1009 313 1115 336 comes.

221 359 298 404 Juv.
315 356 381 391 Sat.
397 352 444 388 11.
464 364 494 387 v.
509 355 564 398 36.

549 400 616 433 Non
635 400 708 432 tulit
725 410 762 431 ex
788 398 840 430 illis
858 406 974 431 torvum
991 396 1130 430 Laronia
1146 394 1304 438 quemdam

553 448 747 480 Clamantem
762 445 862 486 toties,
888 444 936 478 ubi
958 455 1033 477 nunc
1050 441 1160 476 LEX
1181 443 1201 475 Ι
1207 443 1237 476 V
1238 443 1269 477 L
1278 440 1328 475 IA
1340 444 1353 475 ἓ
1379 441 1497 476 Dormit
1517 445 1531 476 ἓ

552 493 604 526 Ad
624 504 712 537 quem
728 493 773 524 ita
786 490 942 534 subridens
956 505 965 523 :
985 489 1093 533 felicia
1108 498 1251 533 tempora,
1276 500 1335 532 quae
1352 497 1383 523 te

550 541 681 574 Moribus
698 546 841 582 opponunt
853 551 864 570 ε
889 538 997 571 habeat
1007 540 1075 578 jam
1091 537 1188 570 Roma
1199 536 1352 580 pudorem.

218 590 263 623 Et
280 589 349 623 Sat.
365 588 421 622 V1.
444 587 500 632 38.

552 634 613 668 Sed
631 634 732 676 placet
747 631 868 676 Ursidio
889 631 919 664 L
931 632 960 664 E
969 629 1004 662 Χ
1023 631 1041 664 Ι
1048 631 1078 665 V
1079 629 1109 664 L
1119 630 1138 663 I
1142 631 1172 663 A
1186 642 1196 662 .·
1224 629 1321 663 tollere
1341 628 1457 663 dulcem

552 681 674 723 Cogitat
692 680 843 719 heredem,
868 678 1018 711 cariturus
1041 685 1160 710 turture
1181 687 1296 719 magno.

553 727 775 770 Mullorumque
794 725 886 765 jubis,
912 722 949 757 ό*
966 732 1119 768 captatore
1136 724 1266 757 macello.

220 777 348 819 Legem
371 774 498 823 Juliarn
519 772 637 809 retulit
655 773 879 812 Domitianu53
911 782 981 817 quo
1001 771 1175 818 pertinent
1201 767 1256 803 illa
1273 768 1450 811 Martialis,
1477 767 1652 815 Epigram-

222 822 298 857 Lib.
318 821 378 857 VI.
425 848 432 856 .

399 835 422 868 4
552 866 661 911 Cenfhr
681 867 823 906 maxime,
851 865 1083 910 Principumque
1102 864 1255 910 Princeps,

555 916 632 948 Cum
649 921 693 946 tot
703 914 772 954 jam
789 913 841 945 tibi
860 913 967 945 debeat
981 913 1156 956 triumphos,

552 962 610 995 Tot
626 959 782 1005 nascentia
799 960 921 1002 templa,
947 967 990 992 tot
1007 968 1130 999 renata,

551 1007 608 1042 Tot
625 1007 811 1050 Spectacula,
835 1014 878 1038 tot
893 1006 988 1047 Deos,
1015 1014 1059 1038 tot
1079 1006 1202 1039 Urbes:

553 1056 626 1089 Plus
644 1054 699 1087 tibi
716 1052 799 1085 debet
815 1052 925 1094 Roma,
948 1052 1025 1097 quod
1045 1052 1109 1086 PV
1111 1053 1144 1085 D
1153 1054 1172 1086 Ι
1178 1053 1236 1086 CA
1263 1051 1313 1097 est.

222 1102 317 1139 Idem
336 1102 432 1150 Epig.
452 1101 482 1136 8.

553 1150 572 1182 Ι
579 1149 608 1183 V
609 1148 637 1180 L
648 1148 666 1181 I
670 1149 700 1181 A
727 1147 798 1182 Lex
815 1147 937 1190 populis,
963 1158 1000 1179 ex
1020 1158 1089 1190 quo,
1114 1144 1258 1190 Faustine,
1286 1154 1393 1180 renata
1410 1144 1461 1191 est,

605 1196 708 1238 Atque
728 1195 844 1227 intrare
863 1194 959 1226 domos
969 1193 1046 1236 juffa
1060 1193 1207 1237 pudicitia
1224 1192 1273 1237 est,

557 1244 625 1275 Aut
641 1243 750 1282 minus,
778 1248 833 1272 aut
849 1237 930 1272 certe
948 1251 1001 1272 non
1013 1241 1081 1283 plus
1100 1238 1242 1285 tricefima
1259 1242 1309 1274 lux
1324 1238 1377 1284 est,

604 1290 648 1323 Et
664 1289 750 1323 nubit
770 1287 880 1320 decimo
898 1288 966 1328 jam
983 1287 1013 1320 T
1011 1285 1135 1332 belesma
1156 1288 1230 1321 viro.

223 1338 264 1372 Et
280 1335 465 1384 Juvenalis,
490 1335 560 1369 Sat.
575 1335 612 1368 11.

553 1382 673 1429 Qzlis
689 1389 755 1414 erat
772 1390 864 1424 nuper
881 1381 994 1425 tragico
1009 1380 1137 1422 pollutus
1153 1381 1286 1415 Adulter

554 1429 731 1470 Concubitu,
752 1428 803 1472 qui
819 1437 890 1461 tunc
905 1428 1059 1462 LEGES
1083 1427 1141 1461 RE
1151 1429 1264 1461 VOCA
1274 1428 1333 1462 RA
1342 1427 1374 1462 T
1392 1437 1523 1469 amarae,

555 1476 714 1516 Omnibus,
737 1483 830 1518 atque
847 1474 895 1521 ipfi
912 1475 1027 1514 Marti,
1049 1475 1213 1519 Venerique
1227 1475 1386 1508 timendas.

272 1538 345 1572 Alia
372 1539 472 1572 etiam
501 1536 687 1571 severitatis
713 1534 866 1581 exempla
886 1536 920 1569 in
945 1534 1127 1569 Adulteros
1151 1535 1335 1570 statuerunt
1352 1533 1525 1581 sequentes
1545 1535 1664 1582 Impe-

226 1595 367 1619 ratores.

272 1663 492 1696 Meretricum
521 1660 611 1694 enim
631 1658 840 1706 improbitas,
857 1658 870 1704 ]
908 1661 961 1692 De
980 1659 1113 1694 Vistilia
1128 1660 1280 1702 Tacirm,
1308 1659 1426 1694 Annal.
1445 1660 1493 1695 II.
1515 1660 1656 1705 85.—

226 1710 355 1756 Vistilia,
378 1710 515 1753 pretoria
541 1707 665 1753 familia
688 1709 810 1751 genita,
835 1708 991 1740 licentiam
1011 1706 1108 1751 stupri
1125 1708 1203 1750 apud
1219 1708 1339 1740 AEcliles
1362 1709 1553 1751 vulgaverat,
1579 1719 1659 1742 more

226 1760 302 1791 inter
320 1765 430 1791 veteres
448 1764 573 1799 recepto,
598 1756 648 1799 qui
656 1754 736 1799 satis
748 1763 902 1798 poenarum
916 1753 1050 1798 adversus
1068 1754 1230 1797 impudicas
1244 1754 1273 1786 in
1287 1752 1348 1796 ipsa
1362 1753 1531 1798 professione
1541 1754 1657 1798 flagitii

227 1805 398 1838 credebant.
450 1801 595 1836 lnfames
626 1811 740 1835 tamen
772 1798 979 1834 habebantur
1009 1800 1164 1833 mulieres
1192 1800 1382 1846 impudicae,
1409 1803 1444 1835 &
1463 1799 1665 1846 plerumque

228 1860 346 1885 mutare
369 1850 499 1892 nomina,
526 1847 667 1895 ipsoque
689 1846 868 1881 matronali
886 1845 1001 1880 habitu
1020 1846 1180 1880 abstinere
1197 1846 1412 1891 cogebantur.

277 1897 386 1931 Plaut.
407 1895 541 1930 Poenul.
558 1897 600 1930 V.
624 1907 653 1940 3.
674 1906 704 1928 ν.
719 1906 772 1934 19·

562 1943 675 1989 Qum
692 1942 746 1975 huc
765 1939 905 1986 advenisti
922 1939 1024 1984 inipso
1042 1950 1181 1984 tempore,

561 1991 702 2032 Namque
718 1989 802 2021 hodie
816 1999 921 2021 earum
937 1988 1079 2022 MVTA
1088 1989 1115 2021 R
1126 1989 1155 2022 E
1166 1986 1298 2023 NTVR
1323 1989 1390 2023 ΝΟ
1400 1987 1553 2032 ΜΙΝΑ,

559 2038 762 2079 Facerentque
777 2035 932 2078 indignum
942 2046 1053 2079 genere
1070 2034 1200 2081 questum
1217 2045 1340 2079 corpore.

230 2100 318 2134 Hinc
335 2097 428 2132 Suet.
448 2096 546 2132 Tiber.
568 2109 680 2132 xxxv.
702 2097 763 2139 ait,
786 2109 838 2130 eas
849 2098 919 2138 jure
936 2108 973 2130 ac
989 2097 1136 2142 dignitate
1159 2098 1321 2132 matronali
1340 2097 1502 2143 exsolutus.
1553 2096 1660 2131 Vestis

232 2159 312 2180 vero
331 2144 387 2179 illa
416 2145 606 2178 meretricia
632 2152 703 2178 erat
730 2153 810 2186 toga
835 2143 869 2177 δε
895 2143 992 2186 vitta,
1016 2155 1116 2190 quam
1136 2143 1240 2191 posita
1265 2144 1375 2178 instita
1392 2143 1566 2178 sumebant
1594 2156 1660 2177 non

233 2191 343 2228 modo.
355 2193 561 2236 meretrices,
587 2202 700 2225 verum
718 2191 819 2224 etiam
837 2188 996 2225 adulterii
1018 2191 1195 2225 damnatae.
1250 2193 1341 2226 Hinc
1356 2190 1512 2238 Juvenal.
1530 2191 1597 2225 Sat.
1612 2191 1658 2225 11.

232 2252 263 2274 v.
277 2244 332 2281 69.

893 2296 898 2302 ·
947 2285 1083 2330 Carfinia
1107 2286 1202 2319 talem

563 2332 630 2368 Non
646 2330 746 2378 sumet
771 2332 919 2368 damnata
943 2333 1009 2368 TO
1022 2333 1095 2368 GA
1109 2331 1166 2367 M.

1538 2400 1658 2436 Horat·
