2059 2812
591 142 702 197 Lib.
740 144 805 197 II.
878 144 975 198 Tit.
1012 147 1154 202 XIIL-
1497 168 1595 217 115

672 246 717 294 T
750 260 769 294 1
806 262 858 296 T.
929 248 1073 299 XIII.

490 341 569 392 De
605 341 801 393 Liberis
836 344 1240 397 Exhaeredandb‘s.

217 455 252 481 1.
283 440 485 482 Hactenus
517 440 567 479 de
591 439 874 490 solennitatibus
906 448 941 482 ὃ(
969 441 1161 495 requisitis
1181 443 1507 485 testamentorum
1527 459 1589 485 ex-

157 501 297 542 temti.-
339 502 517 555 sequitur
549 498 703 540 Interna
726 501 942 553 filennitas‚
983 501 1024 541 id
1044 503 1113 551 est,
1155 505 1336 545 Haeredis
1368 508 1585 548 Institutio.

157 565 349 608 Haeredes
369 576 460 605 ante
479 578 613 604 omnes
630 565 779 606 merito
798 567 1056 607 instituuntur
1076 566 1208 608 liberi.
1265 570 1318 605 Et
1341 568 1502 620 quidem
1522 582 1589 620 pa-

155 629 234 668 tria
263 630 430 680 potestas
461 628 561 667 olim
592 637 674 667 tam
692 628 773 668 late
801 630 946 681 patuit,
974 640 1018 669 ut
1046 632 1163 669 Pater
1182 628 1330 668 liberos
1350 629 1590 682 nepotesque

155 690 218 729 vel
237 691 467 730 testamento
487 689 708 741 praeterire,
736 690 800 729 vel
819 690 894 730 fine
912 692 1007 743 justa
1026 691 1136 730 causa
1167 690 1391 731 exhaeredes
1418 690 1589 731 scribere

153 753 297 804 poffet.
355 751 518 792 Deinde
545 766 662 804 quum
681 753 759 792 hoc
789 753 876 806 jure
906 753 1165 794 abuterentur
1186 758 1387 802 Parentes,
1415 755 1589 807 maligne

153 815 258 855 circa
275 815 504 868 sanguinem
526 813 634 853 suum
652 814 867 856 inferentes
884 815 1091 869 judicium,
1117 815 1375 857 neceffitatem
1393 815 1498 870 leges
1515 816 1589 854 im-

152 877 372 928 posuerunt
392 876 622 930 parentibus
641 877 790 918 liberos
808 878 872 920 vel
891 878 1123 920 instituendi
1141 879 1206 920 vel
1224 878 1514 920 exhaeredandi.

207 957 245 980 2.
275 941 342 980 Est
372 949 507 981 autem
538 940 775 982 exhaeredatio
803 958 825 983 a
856 953 944 983 tota
963 943 1198 984 haereditate
1217 942 1454 983 nominatim
1482 941 1587 983 fasta

151 1000 332 1051 exclusio,
358 1001 433 1046 five
450 1003 688 1054 liberorum,
715 1004 790 1047 five
804 1010 1031 1054 Parentum,
1059 1006 1135 1048 five
1153 1004 1338 1047 fratrum,

151 1100 365 1139 distinctione
382 1117 448 1139 non
467 1105 635 1146 procedit.
689 1108 784 1142 Nam
815 1106 892 1142 talis
920 1106 943 1141 fi
971 1108 1133 1143 moriatur
1149 1117 1228 1142 ante
1249 1107 1496 1142 convictionem
1519 1116 1585 1141 tam

151 1156 257 1181 terras
276 1160 378 1193 quarn
396 1146 526 1181 Catalla
545 1147 841 1186 testamentobdare
856 1148 971 1193 potest.
1025 1152 1092 1183 Aut
1110 1157 1215 1183 etiam
1233 1153 1254 1183 fi
1282 1166 1358 1184 cum
1389 1166 1449 1196 pro
1476 1152 1586 1186 tribu-

152 1193 221 1226 nali
239 1192 368 1227 sistatur
384 1193 480 1239 juxta
502 1191 644 1227 formam
662 1195 756 1237 regni
774 1192 999 1240 praescriptam
1017 1193 1049 1228 se
1074 1196 1155 1237 Dei,
1181 1204 1282 1242 atque
1301 1197 1422 1230 Patriae,
1439 1199 1587 1232 examini

151 1240 367 1272 committere
386 1238 597 1279 recusaverit,
623 1249 682 1271 aut
700 1249 813 1273 mutus
831 1240 985 1281 steterit;
1012 1242 1086 1275 Hoc
1104 1240 1180 1275 casu
1199 1252 1300 1275 terras
1323 1242 1376 1276 vel
1397 1242 1586 1278 haeredibus

151 1283 219 1319 suis
248 1285 414 1333 proximis
441 1282 481 1317 ab
504 1284 683 1317 intestato:
710 1284 760 1318 vel
780 1284 913 1318 testatus
942 1286 1065 1331 quibus
1082 1286 1254 1321 videbitur
1280 1287 1352 1321 suas
1369 1288 1523 1332 reservat,
1548 1293 1586 1326 δε

151 1330 231 1366 solis
254 1330 383 1364 catallis
400 1328 463 1364 suis
492 1328 643 1371 excidit;
680 1342 782 1377 porro
800 1329 823 1364 fi
840 1330 1097 1375 condemnetur,
1123 1343 1228 1367 terras
1252 1345 1272 1366 a
1299 1335 1440 1369 crimine
1469 1348 1585 1382 perpe-

152 1386 254 1419 trato,
272 1376 390 1411 catalla
409 1389 427 1410 a
441 1376 654 1410 convictione
670 1377 794 1423 perdit,
810 1378 855 1411 ita
874 1387 909 1412 ut
925 1389 1005 1412 ante
1022 1380 1270 1414 convictionem
1291 1379 1348 1414 illa
1363 1379 1500 1423 donare,
1527 1393 1584 1416 aut

150 1422 247 1458 aliter
264 1422 406 1457 alienare
423 1435 483 1470 pro
500 1421 560 1456 suo
575 1422 716 1457 arbitrio
732 1424 992 1471 poffit.--Ille
1010 1427 1068 1472 qui
1087 1424 1146 1460 fibi
1163 1425 1223 1471 ipfi
1241 1437 1387 1461 mortem
1413 1427 1586 1463 consciscit

151 1482 243 1505 Fero
271 1482 315 1505 DE
343 1482 382 1504 se
408 1483 426 1504 a
456 1469 574 1503 nostris
597 1480 748 1514 vocatur,
784 1475 820 1506 &
841 1469 1058 1506 successorem
1081 1485 1146 1507 non
1177 1471 1279 1506 habet
1304 1475 1337 1507 in
1356 1474 1498 1508 Cataliis
1520 1474 1585 1509 suis

150 1527 269 1564 praeter
285 1515 415 1551 fiscum.

198 1563 407 1609 Simpliciter
427 1562 623 1610 prohibetur
639 1576 712 1598 uxor
737 1575 840 1599 terras
868 1564 1091 1599 haereditarias
1109 1564 1228 1599 ultima
1245 1565 1418 1600 voluntate
1447 1565 1499 1600 sua
1517 1566 1585 1601 dis-

151 1621 286 1657 ponere.
338 1612 431 1644 Bona
449 1611 551 1645 etiam
570 1615 607 1646 &
636 1611 764 1646 Catalla
782 1611 849 1646 fine
876 1611 1015 1646 licenti-a
1034 1612 1110 1649 Viri
1138 1609 1446 1660 sui.——Denique
1463 1616 1584 1659 religio·

150 1668 218 1691 nem
235 1656 351 1701 ingreffi
367 1657 601 1692 testamentum
618 1656 728 1692 facere
748 1669 932 1705 nequeunt.

199 1703 395 1750 Episcopus,
422 1707 588 1746 Decanus,
616 1708 652 1739 ὃς
677 1705 838 1748 Magister
864 1705 1086 1741 fraternitatis
1115 1705 1254 1752 alicujus
1275 1707 1507 1741 testamentum
1536 1707 1583 1741 fa-

152 1760 228 1783 cere
255 1751 298 1783 de
325 1750 393 1785 illis
417 1750 514 1785 bonis
534 1751 770 1798 prohibentur,
798 1764 871 1798 quae
894 1751 950 1786 fibi
970 1766 1046 1788 cum
1064 1752 1216 1800 capitulo
1234 1752 1284 1787 vel
1309 1753 1472 1788 societate
1491 1766 1583 1789 com-

151 1797 264 1830 munia
283 1795 367 1830 sunt.

199 1841 332 1876 Deinde
350 1854 454 1889 quum
475 1844 541 1878 hoc
555 1844 628 1890 jure
644 1844 863 1880 abuterentur
876 1846 1058 1893 Parentes]
1097 1846 1173 1881 Val.
1190 1848 1280 1881 Max.
1303 1846 1383 1881 Lib.
1400 1859 1432 1885 7.
1453 1858 1526 1893 cap.
1545 1859 1578 1884 7.

151 1891 272 1923 -—-·C.
303 1898 404 1923 autem
427 1890 562 1925 Tettium
586 1891 732 1935 infantem
761 1905 781 1926 a
806 1902 896 1937 patre
925 1895 1155 1936 exhaeredatum,
1181 1895 1323 1928 Petronia
1351 1903 1462 1936 matre,
1487 1905 1583 1939 quam

152 1934 270 1970 Tettius
287 1937 383 1980 quoad
399 1939 489 1979 vixit,
515 1939 546 1971 in
563 1940 749 1973 matrimonio
766 1940 923 1981 habuerat,
949 1950 1067 1983 natum,
1093 1943 1193 1976 Divus
1206 1939 1356 1985 Augustus
1372 1941 1404 1974 in
1429 1943 1503 1975 bona
1522 1951 1581 1985 pa-

153 1991 240 2016 terna
255 1983 299 2016 ire
315 1983 430 2018 decreto
440 1983 492 2028 fiio
503 1983 587 2029 juffzt
600 2000 611 2025 ς
633 1990 729 2030 patris
744 1988 851 2030 patria
868 1988 965 2022 animo
982 1987 1049 2032 usus
1063 2002 1072 2022 :
1097 1988 1261 2036 Qoniam
1279 1988 1313 2021 T
1307 1988 1398 2021 ettius
1415 1988 1446 2021 in
1458 1988 1580 2032 proprio

146 2029 216 2069 jure
236 2038 388 2073 procreato
406 2032 471 2077 filio
493 2031 612 2077 fimana
644 2044 713 2067 cum
740 2034 904 2078 iniquitate
926 2043 1084 2080 paternum
1109 2047 1213 2070 nomen
1242 2035 1449 2081 abrogaverat.
1500 2037 1579 2082 Juv-

153 2074 219 2109 Sat.
237 2088 271 2110 x.
290 2088 319 2111 v.
333 2088 412 2124 234.
1452 2080 1460 2087 ”

634 2127 832 2161 -‚--Nec
849 2129 965 2162 vultum
983 2128 1116 2174 agnoscit
1130 2130 1235 2171 amici,

485 2174 561 2206 Cum
578 2185 632 2218 quo
643 2171 797 2217 praeteriti
819 2177 946 2209 coenavit
962 2178 1052 2219 noste,
1077 2187 1130 2210 nec
1147 2177 1209 2209 illos

486 2219 576 2265 Qs
587 2221 706 2264 genuit,
733 2232 805 2265 quos
823 2222 938 2255 eduxit.
991 2223 1072 2258 Nam
1090 2223 1297 2258 CODICE
1324 2223 1392 2257 SAE
1402 2222 1463 2256 VO

486 2267 722 2303 HAEREDES
743 2267 900 2304 VETAT
919 2270 1027 2305 ESSE
1052 2270 1186 2307 SVOS:
1212 2271 1296 2306 Bona
1315 2278 1381 2303 tota
1391 2266 1532 2311 feruntur

488 2312 538 2344 Ad
559 2314 826 2350 Phialen.----
1484 2356 1490 2362 ,
1569 2357 1576 2363 ,

889 2363 918 2399 Ρ
949 2376 970 2400 2
1379 2374 1412 2407 3·
1443 2356 1581 2400 Liberi
