2059 2812
392 178 457 225 52
802 158 1064 210 Elementa
1095 157 1240 224 Juris
1272 159 1439 219 Civilis

444 273 484 310 4.
515 258 688 313 Cognati
704 267 837 297 autem
858 257 898 297 in
915 258 1043 312 specie
1062 258 1165 299 dicti
1186 257 1286 308 sunt,
1307 272 1379 311 per
1392 257 1599 303 foeminini
1617 261 1726 302 sexus
1745 277 1836 316 per-

387 324 502 364 sonas
521 320 766 376 cognatione
798 321 941 376 juncffi,
967 323 1112 376 quique
1139 322 1272 375 agnati
1302 320 1364 375 jus
1392 322 1502 363 suum
1533 326 1662 380 aliqua
1690 325 1834 378 capitis

388 386 659 428 diminutione
679 383 910 426 amiserunt.

446 466 485 499 5.
515 452 595 492 Uti
622 450 728 491 enim
748 451 1001 503 Agnatorum
1031 451 1301 505 praerogativa
1325 453 1422 507 Jure
1448 450 1575 491 Civili
1603 452 1833 495 introduCta

386 516 456 565 est,
485 516 541 556 ita
562 515 776 556 secundum
796 514 902 555 idem
924 517 1035 555 omni
1054 517 1195 570 capitis
1218 515 1487 557 diminutione
1507 515 1690 556 tollitur:
1726 521 1832 574 Qae

386 590 521 620 autem
553 580 715 636 cognati
744 594 791 619 ex
821 580 909 633 jure
929 591 1082 620 naturae
1116 580 1267 621 habent
1301 580 1402 634 jura,
1435 582 1619 630 maxima,
1648 587 1683 623 ὅ(
1703 582 1836 623 media

385 654 543 686 tantum
563 646 704 698 capitis
729 644 1004 685 diminutione
1022 645 1241 686 tolluntur.

903 757 948 806 T
987 773 1007 808 1
1048 775 1097 808 T.
1173 758 1314 809 XVI.

758 855 839 907 De
874 856 1061 928 Capitis*
1098 856 1456 910 Diminutione.

444 971 480 998 1.
510 959 577 998 Est
597 967 728 997 autem
748 956 875 1011 capitis
898 957 1117 1007 Diminntio‚
1147 958 1296 1012 prioris
1317 960 1434 1001 status
1453 962 1635 1002 mutatio.

582 1067 811 1134 ,JUS
859 1067 1574 1122 ANGLICANUM.

478 1169 506 1203 F
518 1169 552 1203 O
563 1170 594 1203 R
606 1169 637 1203 T
649 1170 674 1202 E
687 1168 745 1202 SC
758 1170 790 1201 U
805 1169 836 1201 T
849 1169 882 1200 U
897 1168 917 1201 S
943 1167 984 1202 de
1014 1167 1168 1202 laudibus
1198 1167 1310 1211 legum
1334 1170 1473 1212 Angliae,
1501 1169 1584 1215 Cap.
1605 1170 1732 1206 XLIV.

430 1232 530 1273 Leges
547 1231 662 1264 Civiles
680 1231 737 1262 imo
751 1230 896 1272 puberum
914 1230 1028 1261 tutelas
1041 1229 1182 1272 proxima
1199 1227 1235 1260 de
1259 1239 1358 1262 eorum
1369 1228 1521 1274 sanguine
1537 1231 1744 1273 committunt,
1771 1243 1830 1277 ag-

383 1279 449 1311 nati
463 1276 580 1321 fuerint
591 1276 648 1322 seu
676 1277 807 1320 cognati,
834 1277 993 1320 unicuique
1019 1276 1159 1309 videlicet
1176 1273 1340 1318 secundum
1352 1277 1486 1319 gradum
1505 1275 1542 1311 ὅθ’
1556 1277 1700 1320 ordinem,
1726 1290 1783 1323 quo
1800 1282 1831 1314 in

382 1325 556 1359 haereditate
569 1325 681 1368 Popilli
693 1323 870 1367 succeſjurm
888 1322 937 1366 ιβ.
976 1324 1020 1356 Et
1038 1324 1117 1356 ratio
1134 1323 1216 1361 hujus
1232 1322 1303 1366 legis
1320 1321 1370 1367 est,
1397 1324 1471 1367 quia
1490 1325 1592 1357 nullus
1609 1327 1749 1367 tenerius,
1772 1325 1830 1370 fa-

382 1367 577 1417 vorabiliusve
593 1370 743 1416 infantem
757 1372 837 1403 alere
849 1369 990 1412 sataget,
1007 1380 1099 1414 quam
1112 1370 1260 1412 proximus
1277 1370 1312 1402 de
1323 1369 1474 1415 sanguine
1491 1373 1560 1413 ejus.
1614 1373 1729 1406 Tamen
1744 1373 1829 1418 longe

383 1422 477 1454 aliter
503 1421 538 1452 de
555 1420 743 1462 Impuberum
761 1415 886 1461 custodia
901 1416 1042 1461 statuunt
1060 1418 1136 1460 leges
1154 1417 1283 1460 Anglia.
1334 1418 1418 1452 Nam
1438 1419 1667 1454 ibidem—„Si
1687 1420 1830 1455 Haredi-

382 1475 444 1508 tas,
470 1478 532 1512 qua
550 1475 667 1499 tenetur
689 1467 721 1499 in
734 1465 871 1508 Socagio,
898 1463 1055 1508 descendat
1070 1464 1215 1507 Impuberi
1234 1463 1271 1495 ab
1288 1465 1391 1508 aliquo
1414 1475 1595 1509 agnatorum
1610 1467 1744 1511 suorum,
1772 1481 1831 1504 non

383 1516 443 1548 erit
456 1514 587 1558 impubes
605 1514 657 1546 ille
668 1512 723 1558 sub
741 1511 868 1557 custodia
893 1513 1017 1553 alicujus
1041 1520 1220 1555 agnatorum
1236 1512 1313 1553 ejus,
1333 1512 1388 1557 sed
1409 1522 1462 1556 per
1489 1513 1562 1558 ipfiaes
1579 1524 1722 1559 cognatos
1745 1517 1830 1550 vide·

382 1562 456 1596 licet
472 1561 701 1606 consanguineos
719 1573 756 1595 ex
770 1568 859 1604 parte
884 1560 990 1593 matris
1008 1558 1066 1603 ipse
1083 1559 1350 1603 regemn—Et
1358 1558 1385 1605 fi
1402 1573 1440 1594 ex
1455 1570 1544 1605 parte
1562 1571 1753 1606 cognatorum
1770 1564 1827 1596 lm-

384 1610 500 1643 reditas
508 1609 563 1654 fibi
579 1608 774 1653 defi-endem,
798 1607 936 1651 Pupillus
951 1608 1003 1640 ille
1020 1618 1084 1641 cum
1099 1607 1270 1642 hereditate
1278 1604 1338 1651 fita
1351 1616 1404 1651 per
1417 1610 1588 1652 proximum
1598 1612 1769 1654 Agnasum,
1791 1609 1828 1645 ὠ

383 1668 438 1691 non
456 1665 615 1701 cognatum
632 1658 694 1697 ejus
712 1654 900 1701 custodietur,
922 1654 1066 1700 quousque
1082 1653 1142 1698 ipse
1152 1653 1251 1699 fuerit
1269 1655 1571 1691 adultus.-—Nam
1599 1659 1677 1702 leges
1700 1659 1756 1690 illa
1781 1660 1828 1692 di-

382 1713 466 1747 cunt,
492 1704 567 1749 quod
586 1706 772 1738 committere
786 1701 928 1736 Tutelam
946 1701 1074 1745 infantis
1089 1703 1147 1744 illi,
1174 1703 1226 1747 qui
1244 1701 1282 1748 ιβ
1298 1703 1327 1736 ei
1340 1700 1478 1747 proxime
1487 1702 1676 1749 succeffurus,
1695 1704 1733 1750 est
1746 1706 1829 1751 quafi

382 1754 508 1798 Agnum
526 1752 708 1786 committere
725 1752 811 1795 Lupo
829 1751 869 1784 ad
888 1750 1100 1785 devorandum.
1555 1768 1559 1769 ν

431 1815 486 1850 Est
501 1825 616 1849 autem
635 1814 753 1860 capitis
767 1812 981 1859 Diminutio]
1017 1814 1128 1857 Origo
1145 1813 1263 1859 capitis
1286 1814 1531 1849 Diminutionis
1549 1827 1566 1849 a
1585 1813 1734 1850 censibus
1752 1816 1826 1849 Ro-

383 1864 490 1898 manis
507 1861 641 1897 videtur
665 1859 857 1909 repetenda.
911 1862 1047 1895 Notum
1066 1861 1110 1895 est
1127 1861 1277 1896 Servium
1299 1860 1453 1896 Tullium
1479 1864 1609 1907 Regem
1638 1861 1826 1897 universum

382 1910 545 1958 populum
563 1912 758 1945 Romanurn
780 1909 815 1943 in
833 1907 889 1943 sex
906 1907 1033 1952 claffes,
1060 1913 1098 1944 &
1116 1920 1257 1944 exem.
1276 1910 1441 1943 centurias
1458 1908 1669 1957 descripsisse,
1698 1911 1731 1943 in
1751 1911 1827 1956 qui-

383 1958 445 1992 bus
477 1956 732 1999 constituendis,
767 1968 834 1990 non
866 1958 1041 2001 regionum
1076 1955 1180 1998 urbis,
1214 1966 1273 1991 aut
1302 1958 1536 1991 communium
1567 1958 1746 1999 laetorum,
1770 1955 1825 1991 sed

383 2017 502 2053 opum,
530 2008 567 2040 ὅ(
586 2003 785 2039 facultatum
813 2003 893 2037 iniit
918 2005 1096 2038 rationem.
1148 2003 1249 2038 Unde
1278 2004 1312 2038 in
1341 2005 1484 2050 primam
1510 2003 1640 2039 classem
1667 2005 1826 2046 coniecit,

383 2054 443 2099 qui
462 2065 527 2087 cM.
547 2054 633 2094 aeris,
657 2061 715 2086 aut
730 2051 892 2097 majorem
909 2049 1042 2086 censum
1058 2049 1356 2086 haberent.—-—1n
1374 2050 1548 2086 secundam
1566 2053 1626 2098 qui
1642 2047 1826 2086 infra‘cen-

384 2110 456 2134 tum
476 2098 577 2145 usque
594 2099 634 2134 ad
653 2111 762 2134 Lxxv.
781 2097 890 2133 millia
914 2098 1333 2144 poffiderent———Tertiae
1347 2098 1449 2134 claffis
1475 2112 1506 2134 L.
1524 2099 1668 2134 millium
1686 2098 1822 2133 censum

383 2146 449 2182 effe
465 2147 586 2188 voluit,
611 2146 750 2191 Qartae
765 2159 849 2181 xxv.
865 2145 1026 2188 millium,
1050 2147 1190 2192 Qntae
1208 2159 1289 2183 x11.
1308 2146 1596 2181 millium—In
1615 2146 1739 2181 sextam
1765 2145 1825 2180 de-

384 2196 487 2242 nique
501 2194 632 2229 claffem
650 2193 797 2240 conjeffl
814 2195 963 2238 egeni&
980 2205 1108 2236 tenues,
1125 2196 1184 2241 qui
1204 2194 1255 2229 vel
1272 2207 1499 2230 PROLETARII
1516 2193 1609 2236 diffi,
1628 2193 1679 2229 vel
1694 2206 1823 2229 cAPn'E

382 2253 509 2278 censs.
561 2241 629 2285 Illi,
656 2240 750 2288 quod
777 2240 989 2289 propaganda
1016 2251 1158 2283 tantum,
1183 2240 1371 2289 alendfique
1400 2241 1493 2287 prole
1512 2241 1751 2288 rempublicam
1771 2243 1824 2288 ju-

382 2299 525 2332 varent,
551 2291 611 2333 Hi,
637 2287 729 2335 quod
747 2298 864 2336 praeter
882 2301 996 2324 CAPVT
1016 2293 1052 2324 &
1072 2301 1194 2323 nomen
1211 2288 1298 2323 nihil
1316 2287 1500 2324 admodum
1516 2290 1548 2324 in
1565 2289 1664 2323 censu
1680 2289 1822 2336 profite-

383 2347 513 2380 rentur,
539 2336 575 2371 id
600 2348 725 2371 nomen
742 2336 856 2383 adepti
879 2334 965 2370 sunt.
1017 2335 1424 2380 Qemadmodumfergo
1445 2349 1573 2372 capue
1601 2349 1706 2372 c1-:NS1
1729 2335 1822 2371 dice-

383 2383 520 2429 bantur,
543 2386 602 2432 qui
627 2383 745 2420 saltem
758 2384 833 2432 jure
855 2382 1018 2420 libertatis
1045 2387 1082 2420 ὃς
1108 2385 1256 2421 civitatis
1274 2384 1481 2431 gaudebant,
1508 2384 1662 2433 adeoque
1690 2386 1724 2467 iin
1743 2395 1821 2466 clen-

1714 2443 1756 2466 ua
1776 2443 1812 2466 es
