<?xml version="1.0" encoding="UTF-8"?>
<!DOCTYPE html PUBLIC "-//W3C//DTD XHTML 1.0 Transitional//EN"
    "http://www.w3.org/TR/xhtml1/DTD/xhtml1-transitional.dtd">
<html xmlns="http://www.w3.org/1999/xhtml" xml:lang="en" lang="en">
 <head>
  <title>
</title>
<meta http-equiv="Content-Type" content="text/html;charset=utf-8" />
  <meta name='ocr-system' content='tesseract 3.04.00' />
  <meta name='ocr-capabilities' content='ocr_page ocr_carea ocr_par ocr_line ocrx_word'/>
</head>
<body>
  <div class='ocr_page' id='page_1' title='image "./jurisprudentiaph00eden_0129.png"; bbox 0 0 2059 2812; ppageno 0'>
   <div class='ocr_carea' id='block_1_1' title="bbox 571 138 1571 206">
    <p class='ocr_par' dir='ltr' id='par_1_1' title="bbox 571 138 1571 206">
     <span class='ocr_line' id='line_1_1' title="bbox 571 138 1571 206; baseline -0.002 -11"><span class='ocrx_word' id='word_1_1' title='bbox 571 142 680 196; x_wconf 83' lang='lat' dir='ltr'>Lib.</span> <span class='ocrx_word' id='word_1_2' title='bbox 720 142 785 194; x_wconf 87' lang='lat' dir='ltr'>II.</span> <span class='ocrx_word' id='word_1_3' title='bbox 857 138 954 194; x_wconf 77' lang='lat' dir='ltr'>Tit.</span> <span class='ocrx_word' id='word_1_4' title='bbox 990 139 1130 192; x_wconf 91' lang='lat' dir='ltr'><em>VIII.</em></span> <span class='ocrx_word' id='word_1_5' title='bbox 1479 158 1571 206; x_wconf 89' lang='lat'>103</span> 
     </span>
    </p>
   </div>
   <div class='ocr_carea' id='block_1_2' title="bbox 145 237 1586 1616">
    <p class='ocr_par' dir='ltr' id='par_1_2' title="bbox 145 237 1585 1044">
     <span class='ocr_line' id='line_1_2' title="bbox 202 237 1579 299; baseline -0.008 -10"><span class='ocrx_word' id='word_1_6' title='bbox 202 264 242 299; x_wconf 90' lang='lat'>4.</span> <span class='ocrx_word' id='word_1_7' title='bbox 271 245 464 298; x_wconf 82' lang='lat' dir='ltr'>Exceptio</span> <span class='ocrx_word' id='word_1_8' title='bbox 495 241 664 284; x_wconf 81' lang='lat' dir='ltr'>secunda</span> <span class='ocrx_word' id='word_1_9' title='bbox 695 243 749 283; x_wconf 91' lang='lat' dir='ltr'>est</span> <span class='ocrx_word' id='word_1_10' title='bbox 784 242 825 281; x_wconf 89' lang='lat' dir='ltr'>in</span> <span class='ocrx_word' id='word_1_11' title='bbox 857 239 1019 294; x_wconf 87' lang='lat' dir='ltr'>Pupillo</span> <span class='ocrx_word' id='word_1_12' title='bbox 1043 246 1077 282; x_wconf 63' lang='grc' dir='ltr'>ὅς</span> <span class='ocrx_word' id='word_1_13' title='bbox 1100 239 1290 279; x_wconf 81' lang='lat' dir='ltr'>Minore:</span> <span class='ocrx_word' id='word_1_14' title='bbox 1321 237 1390 290; x_wconf 89' lang='lat' dir='ltr'>qui</span> <span class='ocrx_word' id='word_1_15' title='bbox 1418 237 1579 289; x_wconf 87' lang='lat' dir='ltr'>quidem</span> 
     </span>
     <span class='ocr_line' id='line_1_3' title="bbox 147 302 1581 353; baseline -0.01 0"><span class='ocrx_word' id='word_1_16' title='bbox 147 312 316 353; x_wconf 86' lang='lat' dir='ltr'>Domini</span> <span class='ocrx_word' id='word_1_17' title='bbox 348 321 478 350; x_wconf 87' lang='lat' dir='ltr'>rerum</span> <span class='ocrx_word' id='word_1_18' title='bbox 510 307 665 346; x_wconf 77' lang='lat' dir='ltr'>suarum</span> <span class='ocrx_word' id='word_1_19' title='bbox 695 306 797 353; x_wconf 83' lang='lat' dir='ltr'>sunt,</span> <span class='ocrx_word' id='word_1_20' title='bbox 826 304 893 344; x_wconf 91' lang='lat' dir='ltr'>sed</span> <span class='ocrx_word' id='word_1_21' title='bbox 921 314 1052 343; x_wconf 84' lang='lat' dir='ltr'>tamen</span> <span class='ocrx_word' id='word_1_22' title='bbox 1081 317 1143 342; x_wconf 79' lang='lat' dir='ltr'>eas</span> <span class='ocrx_word' id='word_1_23' title='bbox 1170 302 1341 342; x_wconf 83' lang='lat' dir='ltr'>alienare</span> <span class='ocrx_word' id='word_1_24' title='bbox 1366 310 1581 353; x_wconf 81' lang='lat' dir='ltr'>nequeunt,</span> 
     </span>
     <span class='ocr_line' id='line_1_4' title="bbox 148 364 1583 428; baseline -0.007 -13"><span class='ocrx_word' id='word_1_25' title='bbox 148 377 324 428; x_wconf 80' lang='lat' dir='ltr'>adeoque</span> <span class='ocrx_word' id='word_1_26' title='bbox 345 388 415 414; x_wconf 91' lang='lat' dir='ltr'>nec</span> <span class='ocrx_word' id='word_1_27' title='bbox 441 384 618 413; x_wconf 87' lang='lat' dir='ltr'>mutuum</span> <span class='ocrx_word' id='word_1_28' title='bbox 637 386 684 411; x_wconf 87' lang='lat' dir='ltr'>ex</span> <span class='ocrx_word' id='word_1_29' title='bbox 711 370 757 409; x_wconf 83' lang='lat' dir='ltr'>iis</span> <span class='ocrx_word' id='word_1_30' title='bbox 776 369 886 416; x_wconf 84' lang='lat' dir='ltr'>dare,</span> <span class='ocrx_word' id='word_1_31' title='bbox 913 382 987 407; x_wconf 88' lang='lat' dir='ltr'>nec</span> <span class='ocrx_word' id='word_1_32' title='bbox 1006 367 1180 407; x_wconf 86' lang='lat' dir='ltr'>solutum</span> <span class='ocrx_word' id='word_1_33' title='bbox 1208 365 1442 419; x_wconf 80' lang='lat' dir='ltr'>accipiendo</span> <span class='ocrx_word' id='word_1_34' title='bbox 1470 364 1583 405; x_wconf 87' lang='lat' dir='ltr'>debi-</span> 
     </span>
     <span class='ocr_line' id='line_1_5' title="bbox 147 429 1582 480; baseline -0.008 0"><span class='ocrx_word' id='word_1_35' title='bbox 147 452 273 480; x_wconf 80' lang='lat' dir='ltr'>torem</span> <span class='ocrx_word' id='word_1_36' title='bbox 293 438 478 478; x_wconf 83' lang='lat' dir='ltr'>liberarc.</span> <span class='ocrx_word' id='word_1_37' title='bbox 536 434 754 476; x_wconf 81' lang='lat' dir='ltr'>Pleniffima</span> <span class='ocrx_word' id='word_1_38' title='bbox 779 434 886 473; x_wconf 87' lang='lat' dir='ltr'>enim</span> <span class='ocrx_word' id='word_1_39' title='bbox 912 431 1115 480; x_wconf 83' lang='lat' dir='ltr'>liberatio,</span> <span class='ocrx_word' id='word_1_40' title='bbox 1143 436 1178 471; x_wconf 71' lang='grc' dir='ltr'>ὃ(</span> <span class='ocrx_word' id='word_1_41' title='bbox 1204 430 1390 469; x_wconf 82' lang='lat' dir='ltr'>securitas</span> <span class='ocrx_word' id='word_1_42' title='bbox 1410 429 1582 470; x_wconf 81' lang='lat' dir='ltr'>solventi</span> 
     </span>
     <span class='ocr_line' id='line_1_6' title="bbox 146 491 1583 554; baseline -0.007 -12"><span class='ocrx_word' id='word_1_43' title='bbox 146 501 323 542; x_wconf 75' lang='lat' dir='ltr'>debitori</span> <span class='ocrx_word' id='word_1_44' title='bbox 351 500 542 554; x_wconf 79' lang='lat' dir='ltr'>Pupillari</span> <span class='ocrx_word' id='word_1_45' title='bbox 561 496 773 551; x_wconf 78' lang='lat' dir='ltr'>contingit,</span> <span class='ocrx_word' id='word_1_46' title='bbox 802 496 828 535; x_wconf 88' lang='lat' dir='ltr'><strong>fi</strong></span> <span class='ocrx_word' id='word_1_47' title='bbox 854 494 1096 535; x_wconf 67' lang='lat' dir='ltr'>au&amp;or‘itate</span> <span class='ocrx_word' id='word_1_48' title='bbox 1117 492 1270 547; x_wconf 81' lang='lat' dir='ltr'>Judicis</span> <span class='ocrx_word' id='word_1_49' title='bbox 1290 491 1396 532; x_wconf 66' lang='lat' dir='ltr'>facta</span> <span class='ocrx_word' id='word_1_50' title='bbox 1415 492 1459 530; x_wconf 87' lang='lat' dir='ltr'>fit</span> <span class='ocrx_word' id='word_1_51' title='bbox 1478 491 1583 532; x_wconf 87' lang='lat' dir='ltr'>solu-</span> 
     </span>
     <span class='ocr_line' id='line_1_7' title="bbox 146 555 1580 611; baseline -0.007 -6"><span class='ocrx_word' id='word_1_52' title='bbox 146 567 219 606; x_wconf 80' lang='lat' dir='ltr'>tio.</span> <span class='ocrx_word' id='word_1_53' title='bbox 276 567 376 606; x_wconf 82' lang='lat' dir='ltr'>Nam</span> <span class='ocrx_word' id='word_1_54' title='bbox 396 564 420 604; x_wconf 90' lang='lat' dir='ltr'>s1</span> <span class='ocrx_word' id='word_1_55' title='bbox 436 563 600 611; x_wconf 85' lang='lat' dir='ltr'>Tutori,</span> <span class='ocrx_word' id='word_1_56' title='bbox 629 567 663 602; x_wconf 63' lang='grc' dir='ltr'>ἃ</span> <span class='ocrx_word' id='word_1_57' title='bbox 677 561 869 601; x_wconf 86' lang='lat' dir='ltr'>Curatori</span> <span class='ocrx_word' id='word_1_58' title='bbox 888 558 963 599; x_wconf 91' lang='lat' dir='ltr'>fine</span> <span class='ocrx_word' id='word_1_59' title='bbox 982 558 1221 599; x_wconf 65' lang='lat' dir='ltr'>aii&amp;oritate</span> <span class='ocrx_word' id='word_1_60' title='bbox 1238 555 1389 611; x_wconf 85' lang='lat' dir='ltr'>Judicis</span> <span class='ocrx_word' id='word_1_61' title='bbox 1403 555 1507 595; x_wconf 64' lang='lat' dir='ltr'>facita</span> <span class='ocrx_word' id='word_1_62' title='bbox 1521 556 1580 604; x_wconf 88' lang='lat' dir='ltr'>fit,</span> 
     </span>
     <span class='ocr_line' id='line_1_8' title="bbox 145 621 1584 681; baseline -0.004 -14"><span class='ocrx_word' id='word_1_63' title='bbox 145 629 339 669; x_wconf 83' lang='lat' dir='ltr'>liberatur</span> <span class='ocrx_word' id='word_1_64' title='bbox 356 628 517 681; x_wconf 84' lang='lat' dir='ltr'>quidem</span> <span class='ocrx_word' id='word_1_65' title='bbox 529 627 720 675; x_wconf 81' lang='lat' dir='ltr'>Debitor,</span> <span class='ocrx_word' id='word_1_66' title='bbox 749 626 805 666; x_wconf 87' lang='lat' dir='ltr'>ita</span> <span class='ocrx_word' id='word_1_67' title='bbox 823 636 955 666; x_wconf 85' lang='lat' dir='ltr'>tamen</span> <span class='ocrx_word' id='word_1_68' title='bbox 975 634 1020 663; x_wconf 91' lang='lat' dir='ltr'>ut</span> <span class='ocrx_word' id='word_1_69' title='bbox 1032 622 1210 676; x_wconf 85' lang='lat' dir='ltr'>Pupillus</span> <span class='ocrx_word' id='word_1_70' title='bbox 1227 622 1426 670; x_wconf 82' lang='lat' dir='ltr'>minorve,</span> <span class='ocrx_word' id='word_1_71' title='bbox 1441 621 1584 661; x_wconf 81' lang='lat' dir='ltr'>Credi-</span> 
     </span>
     <span class='ocr_line' id='line_1_9' title="bbox 145 686 1584 742; baseline -0.005 -11"><span class='ocrx_word' id='word_1_72' title='bbox 145 702 228 742; x_wconf 82' lang='lat' dir='ltr'>tor,</span> <span class='ocrx_word' id='word_1_73' title='bbox 256 692 281 731; x_wconf 91' lang='lat' dir='ltr'>fi</span> <span class='ocrx_word' id='word_1_74' title='bbox 301 694 431 732; x_wconf 83' lang='lat' dir='ltr'>Tutor</span> <span class='ocrx_word' id='word_1_75' title='bbox 445 693 671 732; x_wconf 83' lang='lat' dir='ltr'>Curatorve</span> <span class='ocrx_word' id='word_1_76' title='bbox 694 691 796 730; x_wconf 87' lang='lat' dir='ltr'>male</span> <span class='ocrx_word' id='word_1_77' title='bbox 818 688 1079 730; x_wconf 79' lang='lat' dir='ltr'>collocaverit</span> <span class='ocrx_word' id='word_1_78' title='bbox 1107 687 1323 741; x_wconf 83' lang='lat' dir='ltr'>pecuniam,</span> <span class='ocrx_word' id='word_1_79' title='bbox 1353 699 1426 724; x_wconf 87' lang='lat' dir='ltr'>nec</span> <span class='ocrx_word' id='word_1_80' title='bbox 1450 686 1584 739; x_wconf 90' lang='lat' dir='ltr'>Pupil-</span> 
     </span>
     <span class='ocr_line' id='line_1_10' title="bbox 145 747 1584 805; baseline -0.007 -10"><span class='ocrx_word' id='word_1_81' title='bbox 145 754 219 803; x_wconf 79' lang='lat' dir='ltr'>lus,</span> <span class='ocrx_word' id='word_1_82' title='bbox 239 755 428 795; x_wconf 87' lang='lat' dir='ltr'>Minorve</span> <span class='ocrx_word' id='word_1_83' title='bbox 446 753 606 792; x_wconf 88' lang='lat' dir='ltr'>aliunde</span> <span class='ocrx_word' id='word_1_84' title='bbox 623 762 805 805; x_wconf 84' lang='lat' dir='ltr'>repetere</span> <span class='ocrx_word' id='word_1_85' title='bbox 823 750 953 803; x_wconf 71' lang='lat' dir='ltr'>possit,</span> <span class='ocrx_word' id='word_1_86' title='bbox 980 750 1019 789; x_wconf 84' lang='lat' dir='ltr'>in</span> <span class='ocrx_word' id='word_1_87' title='bbox 1036 749 1214 802; x_wconf 76' lang='lat' dir='ltr'>integrum</span> <span class='ocrx_word' id='word_1_88' title='bbox 1234 747 1461 800; x_wconf 74' lang='lat' dir='ltr'>restituatur.</span> <span class='ocrx_word' id='word_1_89' title='bbox 1509 747 1584 800; x_wconf 89' lang='lat' dir='ltr'>Ipfi</span> 
     </span>
     <span class='ocr_line' id='line_1_11' title="bbox 146 809 1585 869; baseline -0.007 -13"><span class='ocrx_word' id='word_1_90' title='bbox 146 816 308 869; x_wconf 86' lang='lat' dir='ltr'>Pupillo</span> <span class='ocrx_word' id='word_1_91' title='bbox 326 815 427 855; x_wconf 61' lang='lat' dir='ltr'>facita</span> <span class='ocrx_word' id='word_1_92' title='bbox 455 815 605 853; x_wconf 84' lang='lat' dir='ltr'>solutio</span> <span class='ocrx_word' id='word_1_93' title='bbox 625 815 803 853; x_wconf 86' lang='lat' dir='ltr'>omnium</span> <span class='ocrx_word' id='word_1_94' title='bbox 823 813 983 853; x_wconf 86' lang='lat' dir='ltr'>minime</span> <span class='ocrx_word' id='word_1_95' title='bbox 1012 811 1175 865; x_wconf 88' lang='lat' dir='ltr'>prodest</span> <span class='ocrx_word' id='word_1_96' title='bbox 1202 809 1373 849; x_wconf 87' lang='lat' dir='ltr'>solventi</span> <span class='ocrx_word' id='word_1_97' title='bbox 1392 809 1585 856; x_wconf 84' lang='lat' dir='ltr'>debitori,</span> 
     </span>
     <span class='ocr_line' id='line_1_12' title="bbox 146 873 1584 930; baseline -0.006 -12"><span class='ocrx_word' id='word_1_98' title='bbox 146 879 214 918; x_wconf 89' lang='lat' dir='ltr'>nifi</span> <span class='ocrx_word' id='word_1_99' title='bbox 231 879 404 930; x_wconf 85' lang='lat' dir='ltr'>Pupillus</span> <span class='ocrx_word' id='word_1_100' title='bbox 424 877 667 929; x_wconf 87' lang='lat' dir='ltr'>locupletior</span> <span class='ocrx_word' id='word_1_101' title='bbox 686 876 810 918; x_wconf 70' lang='lat' dir='ltr'>faetus</span> <span class='ocrx_word' id='word_1_102' title='bbox 829 875 888 925; x_wconf 78' lang='lat' dir='ltr'>sit,</span> <span class='ocrx_word' id='word_1_103' title='bbox 907 882 940 917; x_wconf 70' lang='grc' dir='ltr'>ἃ</span> <span class='ocrx_word' id='word_1_104' title='bbox 956 875 1049 915; x_wconf 88' lang='lat' dir='ltr'>ideo</span> <span class='ocrx_word' id='word_1_105' title='bbox 1065 875 1242 915; x_wconf 88' lang='lat' dir='ltr'>Debitor</span> <span class='ocrx_word' id='word_1_106' title='bbox 1258 873 1391 913; x_wconf 92' lang='lat' dir='ltr'>denuo</span> <span class='ocrx_word' id='word_1_107' title='bbox 1411 883 1584 911; x_wconf 82' lang='lat' dir='ltr'>conven-</span> 
     </span>
     <span class='ocr_line' id='line_1_13' title="bbox 147 934 1584 994; baseline -0.006 -14"><span class='ocrx_word' id='word_1_108' title='bbox 147 952 209 980; x_wconf 79' lang='lat' dir='ltr'>tus</span> <span class='ocrx_word' id='word_1_109' title='bbox 248 941 453 994; x_wconf 78' lang='lat' dir='ltr'>exceptione</span> <span class='ocrx_word' id='word_1_110' title='bbox 485 940 558 979; x_wconf 70' lang='lat' dir='ltr'>doli</span> <span class='ocrx_word' id='word_1_111' title='bbox 586 939 676 979; x_wconf 76' lang='lat' dir='ltr'>mali</span> <span class='ocrx_word' id='word_1_112' title='bbox 709 939 748 978; x_wconf 89' lang='lat' dir='ltr'>se</span> <span class='ocrx_word' id='word_1_113' title='bbox 775 938 881 978; x_wconf 83' lang='lat' dir='ltr'>tueri</span> <span class='ocrx_word' id='word_1_114' title='bbox 909 938 1037 990; x_wconf 86' lang='lat' dir='ltr'>poffit.</span> <span class='ocrx_word' id='word_1_115' title='bbox 1097 938 1231 979; x_wconf 86' lang='lat' dir='ltr'>Annui</span> <span class='ocrx_word' id='word_1_116' title='bbox 1253 937 1404 977; x_wconf 85' lang='lat' dir='ltr'>reditus</span> <span class='ocrx_word' id='word_1_117' title='bbox 1432 934 1584 975; x_wconf 88' lang='lat' dir='ltr'>Tutori</span> 
     </span>
     <span class='ocr_line' id='line_1_14' title="bbox 145 1003 1057 1044; baseline -0.005 -1"><span class='ocrx_word' id='word_1_118' title='bbox 145 1009 236 1043; x_wconf 81' lang='lat' dir='ltr'>tuto</span> <span class='ocrx_word' id='word_1_119' title='bbox 255 1003 477 1044; x_wconf 86' lang='lat' dir='ltr'>solvuntur.</span> <span class='ocrx_word' id='word_1_120' title='bbox 1045 1022 1057 1032; x_wconf 91' lang='lat'><strong>·</strong></span> 
     </span>
    </p>

    <p class='ocr_par' dir='ltr' id='par_1_3' title="bbox 145 1060 1585 1177">
     <span class='ocr_line' id='line_1_15' title="bbox 202 1060 1585 1119; baseline -0.007 -12"><span class='ocrx_word' id='word_1_121' title='bbox 202 1082 239 1114; x_wconf 88' lang='lat'>5.</span> <span class='ocrx_word' id='word_1_122' title='bbox 271 1065 427 1118; x_wconf 79' lang='lat' dir='ltr'>Regula</span> <span class='ocrx_word' id='word_1_123' title='bbox 445 1064 611 1105; x_wconf 87' lang='lat' dir='ltr'>secunda</span> <span class='ocrx_word' id='word_1_124' title='bbox 639 1065 753 1119; x_wconf 83' lang='lat' dir='ltr'>hujus</span> <span class='ocrx_word' id='word_1_125' title='bbox 771 1063 902 1104; x_wconf 84' lang='lat' dir='ltr'>Tituli</span> <span class='ocrx_word' id='word_1_126' title='bbox 926 1063 981 1103; x_wconf 91' lang='lat' dir='ltr'>est</span> <span class='ocrx_word' id='word_1_127' title='bbox 992 1062 1157 1119; x_wconf 68' lang='lat' dir='ltr'>an</span> <span class='ocrx_word' id='word_1_128' title='bbox 1176 1060 1376 1101; x_wconf 86' lang='lat' dir='ltr'>Dominus</span> <span class='ocrx_word' id='word_1_129' title='bbox 1405 1073 1488 1098; x_wconf 90' lang='lat' dir='ltr'>non</span> <span class='ocrx_word' id='word_1_130' title='bbox 1516 1060 1585 1109; x_wconf 86' lang='lat' dir='ltr'>est,</span> 
     </span>
     <span class='ocr_line' id='line_1_16' title="bbox 145 1129 680 1177; baseline 0.002 -11"><span class='ocrx_word' id='word_1_131' title='bbox 145 1142 230 1168; x_wconf 84' lang='lat' dir='ltr'>rem</span> <span class='ocrx_word' id='word_1_132' title='bbox 249 1129 420 1168; x_wconf 82' lang='lat' dir='ltr'>alienare</span> <span class='ocrx_word' id='word_1_133' title='bbox 438 1142 518 1167; x_wconf 87' lang='lat' dir='ltr'>non</span> <span class='ocrx_word' id='word_1_134' title='bbox 538 1129 680 1177; x_wconf 84' lang='lat' dir='ltr'>potest.</span> 
     </span>
    </p>

    <p class='ocr_par' dir='ltr' id='par_1_4' title="bbox 147 1187 1586 1616">
     <span class='ocr_line' id='line_1_17' title="bbox 203 1187 1584 1242; baseline -0.004 -12"><span class='ocrx_word' id='word_1_135' title='bbox 203 1200 239 1231; x_wconf 88' lang='lat'>6.</span> <span class='ocrx_word' id='word_1_136' title='bbox 269 1189 464 1242; x_wconf 79' lang='lat' dir='ltr'>Exceptio</span> <span class='ocrx_word' id='word_1_137' title='bbox 484 1190 538 1228; x_wconf 88' lang='lat' dir='ltr'>est</span> <span class='ocrx_word' id='word_1_138' title='bbox 558 1190 599 1227; x_wconf 91' lang='lat' dir='ltr'>in</span> <span class='ocrx_word' id='word_1_139' title='bbox 616 1188 834 1234; x_wconf 76' lang='lat' dir='ltr'>creditore,</span> <span class='ocrx_word' id='word_1_140' title='bbox 861 1188 929 1239; x_wconf 89' lang='lat' dir='ltr'>qui</span> <span class='ocrx_word' id='word_1_141' title='bbox 951 1187 1111 1238; x_wconf 87' lang='lat' dir='ltr'>quidem</span> <span class='ocrx_word' id='word_1_142' title='bbox 1127 1187 1329 1225; x_wconf 82' lang='lat' dir='ltr'>Dominus</span> <span class='ocrx_word' id='word_1_143' title='bbox 1354 1199 1434 1224; x_wconf 91' lang='lat' dir='ltr'>non</span> <span class='ocrx_word' id='word_1_144' title='bbox 1451 1187 1519 1235; x_wconf 84' lang='lat' dir='ltr'>est,</span> <span class='ocrx_word' id='word_1_145' title='bbox 1549 1193 1584 1227; x_wconf 68' lang='grc' dir='ltr'>δε</span> 
     </span>
     <span class='ocr_line' id='line_1_18' title="bbox 148 1249 1585 1305; baseline -0.004 -11"><span class='ocrx_word' id='word_1_146' title='bbox 148 1266 279 1294; x_wconf 81' lang='lat' dir='ltr'>tamen</span> <span class='ocrx_word' id='word_1_147' title='bbox 295 1254 467 1293; x_wconf 77' lang='lat' dir='ltr'>alienare</span> <span class='ocrx_word' id='word_1_148' title='bbox 483 1253 610 1304; x_wconf 85' lang='lat' dir='ltr'>potest</span> <span class='ocrx_word' id='word_1_149' title='bbox 624 1253 781 1305; x_wconf 82' lang='lat' dir='ltr'>pignus,</span> <span class='ocrx_word' id='word_1_150' title='bbox 809 1250 876 1289; x_wconf 79' lang='lat' dir='ltr'>etsi</span> <span class='ocrx_word' id='word_1_151' title='bbox 896 1250 936 1289; x_wconf 87' lang='lat' dir='ltr'>id</span> <span class='ocrx_word' id='word_1_152' title='bbox 959 1264 1038 1289; x_wconf 90' lang='lat' dir='ltr'>non</span> <span class='ocrx_word' id='word_1_153' title='bbox 1056 1249 1269 1290; x_wconf 85' lang='lat' dir='ltr'>convenit:</span> <span class='ocrx_word' id='word_1_154' title='bbox 1302 1249 1385 1287; x_wconf 89' lang='lat' dir='ltr'>imo</span> <span class='ocrx_word' id='word_1_155' title='bbox 1407 1249 1472 1288; x_wconf 86' lang='lat' dir='ltr'>etfi</span> <span class='ocrx_word' id='word_1_156' title='bbox 1493 1263 1585 1289; x_wconf 91' lang='lat' dir='ltr'>con-</span> 
     </span>
     <span class='ocr_line' id='line_1_19' title="bbox 148 1309 1585 1367; baseline -0.006 -11"><span class='ocrx_word' id='word_1_157' title='bbox 148 1318 315 1356; x_wconf 72' lang='lat' dir='ltr'>trarium</span> <span class='ocrx_word' id='word_1_158' title='bbox 334 1315 490 1367; x_wconf 61' lang='lat' dir='ltr'>paetum</span> <span class='ocrx_word' id='word_1_159' title='bbox 511 1325 751 1353; x_wconf 81' lang='lat' dir='ltr'>conventum</span> <span class='ocrx_word' id='word_1_160' title='bbox 768 1312 827 1362; x_wconf 77' lang='lat' dir='ltr'>fit,</span> <span class='ocrx_word' id='word_1_161' title='bbox 848 1323 978 1352; x_wconf 79' lang='lat' dir='ltr'>tamen</span> <span class='ocrx_word' id='word_1_162' title='bbox 999 1311 1172 1350; x_wconf 76' lang='lat' dir='ltr'>alienare</span> <span class='ocrx_word' id='word_1_163' title='bbox 1193 1311 1335 1361; x_wconf 84' lang='lat' dir='ltr'>potest,</span> <span class='ocrx_word' id='word_1_164' title='bbox 1364 1309 1585 1348; x_wconf 83' lang='lat' dir='ltr'>dummodo</span> 
     </span>
     <span class='ocr_line' id='line_1_20' title="bbox 147 1373 1584 1426; baseline -0.007 -5"><span class='ocrx_word' id='word_1_165' title='bbox 147 1392 211 1421; x_wconf 87' lang='lat' dir='ltr'>ter</span> <span class='ocrx_word' id='word_1_166' title='bbox 231 1389 321 1419; x_wconf 82' lang='lat' dir='ltr'>ante</span> <span class='ocrx_word' id='word_1_167' title='bbox 337 1376 514 1416; x_wconf 87' lang='lat' dir='ltr'>debitori</span> <span class='ocrx_word' id='word_1_168' title='bbox 534 1375 575 1415; x_wconf 90' lang='lat' dir='ltr'>id</span> <span class='ocrx_word' id='word_1_169' title='bbox 593 1375 822 1416; x_wconf 86' lang='lat' dir='ltr'>denunciet.</span> <span class='ocrx_word' id='word_1_170' title='bbox 880 1379 1033 1418; x_wconf 81' lang='lat' dir='ltr'>Natura</span> <span class='ocrx_word' id='word_1_171' title='bbox 1053 1375 1159 1414; x_wconf 88' lang='lat' dir='ltr'>enim</span> <span class='ocrx_word' id='word_1_172' title='bbox 1178 1379 1211 1414; x_wconf 71' lang='grc' dir='ltr'>ὃ(</span> <span class='ocrx_word' id='word_1_173' title='bbox 1232 1376 1377 1425; x_wconf 83' lang='lat' dir='ltr'>Scopus</span> <span class='ocrx_word' id='word_1_174' title='bbox 1401 1373 1584 1426; x_wconf 84' lang='lat' dir='ltr'>pignoris</span> 
     </span>
     <span class='ocr_line' id='line_1_21' title="bbox 147 1433 1586 1491; baseline -0.007 -9"><span class='ocrx_word' id='word_1_175' title='bbox 147 1444 201 1482; x_wconf 85' lang='lat' dir='ltr'>est</span> <span class='ocrx_word' id='word_1_176' title='bbox 225 1441 404 1480; x_wconf 84' lang='lat' dir='ltr'>securum</span> <span class='ocrx_word' id='word_1_177' title='bbox 423 1437 553 1478; x_wconf 84' lang='lat' dir='ltr'>facere</span> <span class='ocrx_word' id='word_1_178' title='bbox 573 1437 845 1486; x_wconf 63' lang='lat' dir='ltr'>Creditorem,</span> <span class='ocrx_word' id='word_1_179' title='bbox 873 1436 983 1491; x_wconf 89' lang='lat' dir='ltr'>quod</span> <span class='ocrx_word' id='word_1_180' title='bbox 1012 1434 1140 1476; x_wconf 65' lang='lat' dir='ltr'>facere</span> <span class='ocrx_word' id='word_1_181' title='bbox 1160 1449 1241 1474; x_wconf 89' lang='lat' dir='ltr'>non</span> <span class='ocrx_word' id='word_1_182' title='bbox 1264 1435 1408 1487; x_wconf 80' lang='lat' dir='ltr'>poffet,</span> <span class='ocrx_word' id='word_1_183' title='bbox 1438 1434 1507 1474; x_wconf 89' lang='lat' dir='ltr'>nifi</span> <span class='ocrx_word' id='word_1_184' title='bbox 1537 1433 1586 1472; x_wconf 94' lang='lat' dir='ltr'>li-</span> 
     </span>
     <span class='ocr_line' id='line_1_22' title="bbox 149 1496 1585 1548; baseline -0.004 -5"><span class='ocrx_word' id='word_1_185' title='bbox 149 1512 257 1543; x_wconf 87' lang='lat' dir='ltr'>ceret</span> <span class='ocrx_word' id='word_1_186' title='bbox 276 1501 313 1540; x_wconf 90' lang='lat' dir='ltr'>ei</span> <span class='ocrx_word' id='word_1_187' title='bbox 343 1500 532 1548; x_wconf 77' lang='lat' dir='ltr'>alienare,</span> <span class='ocrx_word' id='word_1_188' title='bbox 561 1499 745 1538; x_wconf 83' lang='lat' dir='ltr'>debitore</span> <span class='ocrx_word' id='word_1_189' title='bbox 774 1513 858 1540; x_wconf 89' lang='lat' dir='ltr'>non</span> <span class='ocrx_word' id='word_1_190' title='bbox 888 1499 1081 1539; x_wconf 85' lang='lat' dir='ltr'>soluente.</span> <span class='ocrx_word' id='word_1_191' title='bbox 1141 1500 1249 1537; x_wconf 85' lang='lat' dir='ltr'>Bona</span> <span class='ocrx_word' id='word_1_192' title='bbox 1266 1496 1345 1536; x_wconf 80' lang='lat' dir='ltr'>fide</span> <span class='ocrx_word' id='word_1_193' title='bbox 1372 1506 1520 1546; x_wconf 74' lang='lat' dir='ltr'>tamen,</span> <span class='ocrx_word' id='word_1_194' title='bbox 1549 1501 1585 1537; x_wconf 72' lang='grc' dir='ltr'>ὅ(</span> 
     </span>
     <span class='ocr_line' id='line_1_23' title="bbox 149 1557 1556 1616; baseline -0.005 -11"><span class='ocrx_word' id='word_1_195' title='bbox 149 1562 359 1605; x_wconf 76' lang='lat' dir='ltr'>seeundum</span> <span class='ocrx_word' id='word_1_196' title='bbox 376 1562 539 1602; x_wconf 79' lang='lat' dir='ltr'>moduni</span> <span class='ocrx_word' id='word_1_197' title='bbox 560 1576 581 1601; x_wconf 82' lang='lat' dir='ltr'>a</span> <span class='ocrx_word' id='word_1_198' title='bbox 598 1561 686 1614; x_wconf 83' lang='lat' dir='ltr'>lege</span> <span class='ocrx_word' id='word_1_199' title='bbox 705 1560 979 1616; x_wconf 79' lang='lat' dir='ltr'>praescriptum</span> <span class='ocrx_word' id='word_1_200' title='bbox 1000 1561 1147 1615; x_wconf 83' lang='lat' dir='ltr'>Pignus</span> <span class='ocrx_word' id='word_1_201' title='bbox 1172 1557 1470 1599; x_wconf 83' lang='lat' dir='ltr'>distrahendum</span> <span class='ocrx_word' id='word_1_202' title='bbox 1488 1559 1556 1598; x_wconf 88' lang='lat' dir='ltr'>est.</span> 
     </span>
    </p>
   </div>
   <div class='ocr_carea' id='block_1_3' title="bbox 244 1667 1484 1740">
    <p class='ocr_par' dir='ltr' id='par_1_5' title="bbox 244 1667 1484 1740">
     <span class='ocr_line' id='line_1_24' title="bbox 244 1667 1484 1740; baseline -0.004 -17"><span class='ocrx_word' id='word_1_203' title='bbox 244 1673 408 1740; x_wconf 81' lang='lat' dir='ltr'>JUS</span> <span class='ocrx_word' id='word_1_204' title='bbox 451 1670 710 1722; x_wconf 87' lang='lat' dir='ltr'><em>ANGL</em></span> <span class='ocrx_word' id='word_1_205' title='bbox 736 1667 1115 1720; x_wconf 80' lang='lat' dir='ltr'><em>[CANUM.</em></span> <span class='ocrx_word' id='word_1_206' title='bbox 1151 1670 1212 1719; x_wconf 82' lang='lat' dir='ltr'>ad</span> <span class='ocrx_word' id='word_1_207' title='bbox 1232 1669 1484 1720; x_wconf 92' lang='lat' dir='ltr'>Tit.VIII.</span> 
     </span>
    </p>
   </div>
   <div class='ocr_carea' id='block_1_4' title="bbox 151 1766 1586 2420">
    <p class='ocr_par' dir='ltr' id='par_1_6' title="bbox 151 1766 1586 2239">
     <span class='ocr_line' id='line_1_25' title="bbox 199 1766 1585 1819; baseline -0.004 -13"><span class='ocrx_word' id='word_1_208' title='bbox 199 1772 296 1819; x_wconf 84' lang='lat' dir='ltr'>Apud</span> <span class='ocrx_word' id='word_1_209' title='bbox 321 1784 381 1806; x_wconf 88' lang='lat' dir='ltr'>nos</span> <span class='ocrx_word' id='word_1_210' title='bbox 399 1772 503 1805; x_wconf 77' lang='lat' dir='ltr'>etiam</span> <span class='ocrx_word' id='word_1_211' title='bbox 522 1768 705 1816; x_wconf 84' lang='lat' dir='ltr'>aliquando</span> <span class='ocrx_word' id='word_1_212' title='bbox 723 1768 859 1810; x_wconf 76' lang='lat' dir='ltr'>accidit,</span> <span class='ocrx_word' id='word_1_213' title='bbox 884 1778 920 1802; x_wconf 87' lang='lat' dir='ltr'>ut</span> <span class='ocrx_word' id='word_1_214' title='bbox 942 1768 999 1814; x_wconf 85' lang='lat' dir='ltr'>qui</span> <span class='ocrx_word' id='word_1_215' title='bbox 1018 1768 1184 1801; x_wconf 83' lang='lat' dir='ltr'>Dominus</span> <span class='ocrx_word' id='word_1_216' title='bbox 1204 1769 1251 1801; x_wconf 82' lang='lat' dir='ltr'>rei</span> <span class='ocrx_word' id='word_1_217' title='bbox 1270 1767 1321 1810; x_wconf 85' lang='lat' dir='ltr'>fit,</span> <span class='ocrx_word' id='word_1_218' title='bbox 1346 1779 1419 1801; x_wconf 84' lang='lat' dir='ltr'>cam</span> <span class='ocrx_word' id='word_1_219' title='bbox 1437 1766 1585 1800; x_wconf 82' lang='lat' dir='ltr'>alienare</span> 
     </span>
     <span class='ocr_line' id='line_1_26' title="bbox 153 1813 1585 1865; baseline -0.005 -13"><span class='ocrx_word' id='word_1_220' title='bbox 153 1833 216 1853; x_wconf 82' lang='lat' dir='ltr'>non</span> <span class='ocrx_word' id='word_1_221' title='bbox 238 1818 345 1865; x_wconf 84' lang='lat' dir='ltr'>poffit.</span> <span class='ocrx_word' id='word_1_222' title='bbox 397 1820 545 1863; x_wconf 82' lang='lat' dir='ltr'>Antiqua</span> <span class='ocrx_word' id='word_1_223' title='bbox 562 1819 650 1851; x_wconf 84' lang='lat' dir='ltr'>enim</span> <span class='ocrx_word' id='word_1_224' title='bbox 671 1818 817 1850; x_wconf 80' lang='lat' dir='ltr'>maneria</span> <span class='ocrx_word' id='word_1_225' title='bbox 833 1817 976 1850; x_wconf 69' lang='lat' dir='ltr'>Corona:</span> <span class='ocrx_word' id='word_1_226' title='bbox 995 1826 1122 1849; x_wconf 83' lang='lat' dir='ltr'>annexa</span> <span class='ocrx_word' id='word_1_227' title='bbox 1143 1816 1235 1858; x_wconf 74' lang='lat' dir='ltr'>Regi</span> <span class='ocrx_word' id='word_1_228' title='bbox 1258 1827 1323 1848; x_wconf 88' lang='lat' dir='ltr'>non</span> <span class='ocrx_word' id='word_1_229' title='bbox 1349 1814 1434 1848; x_wconf 83' lang='lat' dir='ltr'>olim</span> <span class='ocrx_word' id='word_1_230' title='bbox 1458 1813 1585 1848; x_wconf 83' lang='lat' dir='ltr'>licebat</span> 
     </span>
     <span class='ocr_line' id='line_1_27' title="bbox 151 1860 1583 1910; baseline -0.004 -11"><span class='ocrx_word' id='word_1_231' title='bbox 151 1865 545 1900; x_wconf 78' lang='lat' dir='ltr'>alienare.—-—Maritus</span> <span class='ocrx_word' id='word_1_232' title='bbox 565 1876 701 1910; x_wconf 87' lang='lat' dir='ltr'>quoque</span> <span class='ocrx_word' id='word_1_233' title='bbox 729 1875 842 1910; x_wconf 86' lang='lat' dir='ltr'>neque</span> <span class='ocrx_word' id='word_1_234' title='bbox 870 1861 1116 1904; x_wconf 62' lang='lat' dir='ltr'>haereditatem,</span> <span class='ocrx_word' id='word_1_235' title='bbox 1144 1873 1253 1907; x_wconf 84' lang='lat' dir='ltr'>neque</span> <span class='ocrx_word' id='word_1_236' title='bbox 1274 1861 1388 1895; x_wconf 78' lang='lat' dir='ltr'>dotale.</span> <span class='ocrx_word' id='word_1_237' title='bbox 1419 1860 1583 1908; x_wconf 76' lang='lat' dir='ltr'>praedIum</span> 
     </span>
     <span class='ocr_line' id='line_1_28' title="bbox 151 1907 1584 1956; baseline -0.005 -9"><span class='ocrx_word' id='word_1_238' title='bbox 151 1914 276 1947; x_wconf 84' lang='lat' dir='ltr'>Uxoris</span> <span class='ocrx_word' id='word_1_239' title='bbox 294 1924 331 1946; x_wconf 83' lang='lat' dir='ltr'>ea</span> <span class='ocrx_word' id='word_1_240' title='bbox 350 1912 453 1946; x_wconf 70' lang='lat' dir='ltr'>invit-51</span> <span class='ocrx_word' id='word_1_241' title='bbox 472 1911 515 1944; x_wconf 84' lang='lat' dir='ltr'>fic</span> <span class='ocrx_word' id='word_1_242' title='bbox 533 1910 681 1944; x_wconf 77' lang='lat' dir='ltr'>alienare</span> <span class='ocrx_word' id='word_1_243' title='bbox 709 1910 829 1956; x_wconf 79' lang='lat' dir='ltr'>potest,</span> <span class='ocrx_word' id='word_1_244' title='bbox 857 1919 894 1943; x_wconf 86' lang='lat' dir='ltr'>ut</span> <span class='ocrx_word' id='word_1_245' title='bbox 909 1908 950 1942; x_wconf 73' lang='lat' dir='ltr'>ab</span> <span class='ocrx_word' id='word_1_246' title='bbox 970 1908 1019 1950; x_wconf 59' lang='lat' dir='ltr'>ea,</span> <span class='ocrx_word' id='word_1_247' title='bbox 1044 1919 1100 1941; x_wconf 75' lang='lat' dir='ltr'>aut</span> <span class='ocrx_word' id='word_1_248' title='bbox 1121 1909 1192 1954; x_wconf 76' lang='lat' dir='ltr'>ejus</span> <span class='ocrx_word' id='word_1_249' title='bbox 1212 1907 1396 1943; x_wconf 65' lang='lat' dir='ltr'>haeredibus</span> <span class='ocrx_word' id='word_1_250' title='bbox 1415 1907 1475 1942; x_wconf 86' lang='lat' dir='ltr'>illo</span> <span class='ocrx_word' id='word_1_251' title='bbox 1493 1919 1584 1941; x_wconf 85' lang='lat' dir='ltr'>mor-</span> 
     </span>
     <span class='ocr_line' id='line_1_29' title="bbox 154 1954 1584 2004; baseline -0.004 -11"><span class='ocrx_word' id='word_1_252' title='bbox 154 1972 212 1993; x_wconf 88' lang='lat' dir='ltr'>tuo</span> <span class='ocrx_word' id='word_1_253' title='bbox 230 1972 296 1993; x_wconf 87' lang='lat' dir='ltr'>non</span> <span class='ocrx_word' id='word_1_254' title='bbox 311 1960 718 2004; x_wconf 82' lang='lat' dir='ltr'>revocetu1·.—-—Ncquc</span> <span class='ocrx_word' id='word_1_255' title='bbox 736 1957 859 1998; x_wconf 87' lang='lat' dir='ltr'>minor,</span> <span class='ocrx_word' id='word_1_256' title='bbox 884 1968 994 2001; x_wconf 79' lang='lat' dir='ltr'>neque</span> <span class='ocrx_word' id='word_1_257' title='bbox 1012 1954 1169 1997; x_wconf 79' lang='lat' dir='ltr'>furiosus,</span> <span class='ocrx_word' id='word_1_258' title='bbox 1198 1967 1305 2002; x_wconf 80' lang='lat' dir='ltr'>neque</span> <span class='ocrx_word' id='word_1_259' title='bbox 1320 1954 1460 1989; x_wconf 83' lang='lat' dir='ltr'>fcemina</span> <span class='ocrx_word' id='word_1_260' title='bbox 1479 1964 1584 2000; x_wconf 79' lang='lat' dir='ltr'>nupta</span> 
     </span>
     <span class='ocr_line' id='line_1_30' title="bbox 153 2000 1585 2053; baseline -0.004 -13"><span class='ocrx_word' id='word_1_261' title='bbox 153 2006 298 2040; x_wconf 65' lang='lat' dir='ltr'>alienare</span> <span class='ocrx_word' id='word_1_262' title='bbox 317 2004 705 2053; x_wconf 78' lang='lat' dir='ltr'>possunt.---Deniquc</span> <span class='ocrx_word' id='word_1_263' title='bbox 732 2005 791 2050; x_wconf 86' lang='lat' dir='ltr'>qui</span> <span class='ocrx_word' id='word_1_264' title='bbox 822 2003 901 2037; x_wconf 68' lang='lat' dir='ltr'>ali-515</span> <span class='ocrx_word' id='word_1_265' title='bbox 930 2003 1076 2036; x_wconf 75' lang='lat' dir='ltr'>alienare</span> <span class='ocrx_word' id='word_1_266' title='bbox 1105 2001 1250 2050; x_wconf 73' lang='lat' dir='ltr'>possunt,</span> <span class='ocrx_word' id='word_1_267' title='bbox 1277 2005 1309 2036; x_wconf 86' lang='lat' dir='ltr'>in</span> <span class='ocrx_word' id='word_1_268' title='bbox 1342 2003 1442 2036; x_wconf 83' lang='lat' dir='ltr'>certis</span> <span class='ocrx_word' id='word_1_269' title='bbox 1459 2000 1585 2035; x_wconf 78' lang='lat' dir='ltr'>caslbus</span> 
     </span>
     <span class='ocr_line' id='line_1_31' title="bbox 155 2048 1586 2098; baseline -0.002 -13"><span class='ocrx_word' id='word_1_270' title='bbox 155 2065 264 2087; x_wconf 82' lang='lat' dir='ltr'>tamen</span> <span class='ocrx_word' id='word_1_271' title='bbox 284 2066 350 2087; x_wconf 88' lang='lat' dir='ltr'>non</span> <span class='ocrx_word' id='word_1_272' title='bbox 370 2052 524 2098; x_wconf 83' lang='lat' dir='ltr'>poffunt;</span> <span class='ocrx_word' id='word_1_273' title='bbox 552 2054 685 2098; x_wconf 79' lang='lat' dir='ltr'>Utpote</span> <span class='ocrx_word' id='word_1_274' title='bbox 705 2061 807 2085; x_wconf 82' lang='lat' dir='ltr'>terras</span> <span class='ocrx_word' id='word_1_275' title='bbox 825 2060 882 2084; x_wconf 79' lang='lat' dir='ltr'>aut</span> <span class='ocrx_word' id='word_1_276' title='bbox 909 2059 1097 2084; x_wconf 73' lang='lat' dir='ltr'>tcnemcnta</span> <span class='ocrx_word' id='word_1_277' title='bbox 1115 2052 1247 2096; x_wconf 86' lang='lat' dir='ltr'>corpori</span> <span class='ocrx_word' id='word_1_278' title='bbox 1269 2049 1424 2095; x_wconf 82' lang='lat' dir='ltr'>politico,</span> <span class='ocrx_word' id='word_1_279' title='bbox 1450 2048 1513 2082; x_wconf 80' lang='lat' dir='ltr'>sive</span> <span class='ocrx_word' id='word_1_280' title='bbox 1531 2061 1586 2082; x_wconf 83' lang='lat' dir='ltr'>ec-</span> 
     </span>
     <span class='ocr_line' id='line_1_32' title="bbox 154 2097 1583 2144; baseline -0.003 -11"><span class='ocrx_word' id='word_1_281' title='bbox 154 2099 341 2142; x_wconf 78' lang='lat' dir='ltr'>clefiastico,</span> <span class='ocrx_word' id='word_1_282' title='bbox 367 2099 430 2134; x_wconf 87' lang='lat' dir='ltr'>five</span> <span class='ocrx_word' id='word_1_283' title='bbox 450 2099 606 2141; x_wconf 56' lang='lat' dir='ltr'>&amp;culm-i,</span> <span class='ocrx_word' id='word_1_284' title='bbox 634 2097 692 2131; x_wconf 80' lang='lat' dir='ltr'>nisi</span> <span class='ocrx_word' id='word_1_285' title='bbox 720 2100 810 2144; x_wconf 80' lang='lat' dir='ltr'>prius</span> <span class='ocrx_word' id='word_1_286' title='bbox 837 2099 1015 2143; x_wconf 78' lang='lat' dir='ltr'>impetrata</span> <span class='ocrx_word' id='word_1_287' title='bbox 1040 2099 1143 2140; x_wconf 79' lang='lat' dir='ltr'>Regis</span> <span class='ocrx_word' id='word_1_288' title='bbox 1169 2098 1265 2130; x_wconf 75' lang='lat' dir='ltr'>venia</span> <span class='ocrx_word' id='word_1_289' title='bbox 1296 2098 1330 2130; x_wconf 87' lang='lat' dir='ltr'>in</span> <span class='ocrx_word' id='word_1_290' title='bbox 1359 2108 1480 2131; x_wconf 73' lang='lat' dir='ltr'>manum</span> <span class='ocrx_word' id='word_1_291' title='bbox 1508 2108 1583 2130; x_wconf 84' lang='lat' dir='ltr'>mor-</span> 
     </span>
     <span class='ocr_line' id='line_1_33' title="bbox 154 2142 1583 2191; baseline -0.003 -12"><span class='ocrx_word' id='word_1_292' title='bbox 154 2157 239 2180; x_wconf 68' lang='lat' dir='ltr'>tuam</span> <span class='ocrx_word' id='word_1_293' title='bbox 258 2145 467 2181; x_wconf 85' lang='lat' dir='ltr'>dimittendi.</span> <span class='ocrx_word' id='word_1_294' title='bbox 521 2144 691 2189; x_wconf 79' lang='lat' dir='ltr'>Religiosa</span> <span class='ocrx_word' id='word_1_295' title='bbox 713 2145 878 2188; x_wconf 82' lang='lat' dir='ltr'>Collegia,</span> <span class='ocrx_word' id='word_1_296' title='bbox 907 2157 980 2191; x_wconf 62' lang='lat' dir='ltr'>qux</span> <span class='ocrx_word' id='word_1_297' title='bbox 1004 2156 1061 2189; x_wconf 86' lang='lat' dir='ltr'>per</span> <span class='ocrx_word' id='word_1_298' title='bbox 1080 2146 1190 2188; x_wconf 78' lang='lat' dir='ltr'>Reges</span> <span class='ocrx_word' id='word_1_299' title='bbox 1209 2145 1304 2191; x_wconf 79' lang='lat' dir='ltr'>hujus</span> <span class='ocrx_word' id='word_1_300' title='bbox 1331 2153 1428 2177; x_wconf 68' lang='lat' dir='ltr'>tei-rec</span> <span class='ocrx_word' id='word_1_301' title='bbox 1446 2142 1583 2176; x_wconf 82' lang='lat' dir='ltr'>fundata</span> 
     </span>
     <span class='ocr_line' id='line_1_34' title="bbox 155 2191 1182 2239; baseline -0.002 -12"><span class='ocrx_word' id='word_1_302' title='bbox 155 2192 242 2234; x_wconf 82' lang='lat' dir='ltr'>sunt,</span> <span class='ocrx_word' id='word_1_303' title='bbox 257 2202 359 2226; x_wconf 84' lang='lat' dir='ltr'>terras</span> <span class='ocrx_word' id='word_1_304' title='bbox 375 2192 443 2228; x_wconf 85' lang='lat' dir='ltr'>suas</span> <span class='ocrx_word' id='word_1_305' title='bbox 461 2192 527 2227; x_wconf 83' lang='lat' dir='ltr'>fine</span> <span class='ocrx_word' id='word_1_306' title='bbox 545 2193 614 2239; x_wconf 84' lang='lat' dir='ltr'>ejus</span> <span class='ocrx_word' id='word_1_307' title='bbox 632 2191 768 2226; x_wconf 58' lang='lat' dir='ltr'>licenti&amp;</span> <span class='ocrx_word' id='word_1_308' title='bbox 787 2192 929 2226; x_wconf 68' lang='lat' dir='ltr'>alienare</span> <span class='ocrx_word' id='word_1_309' title='bbox 949 2191 1182 2237; x_wconf 84' lang='lat' dir='ltr'>prohibentur.</span> 
     </span>
    </p>

    <p class='ocr_par' dir='ltr' id='par_1_7' title="bbox 155 2232 1583 2380">
     <span class='ocr_line' id='line_1_35' title="bbox 202 2232 1580 2286; baseline -0.004 -13"><span class='ocrx_word' id='word_1_310' title='bbox 202 2241 326 2273; x_wconf 81' lang='lat' dir='ltr'>Contra</span> <span class='ocrx_word' id='word_1_311' title='bbox 344 2252 478 2286; x_wconf 87' lang='lat' dir='ltr'>quoque</span> <span class='ocrx_word' id='word_1_312' title='bbox 497 2240 619 2274; x_wconf 82' lang='lat' dir='ltr'>accidit</span> <span class='ocrx_word' id='word_1_313' title='bbox 636 2239 832 2286; x_wconf 81' lang='lat' dir='ltr'>aliquando,</span> <span class='ocrx_word' id='word_1_314' title='bbox 855 2250 890 2273; x_wconf 72' lang='lat' dir='ltr'>ut</span> <span class='ocrx_word' id='word_1_315' title='bbox 910 2240 967 2284; x_wconf 84' lang='lat' dir='ltr'>qui</span> <span class='ocrx_word' id='word_1_316' title='bbox 981 2241 1147 2272; x_wconf 82' lang='lat' dir='ltr'>Dominus</span> <span class='ocrx_word' id='word_1_317' title='bbox 1166 2250 1233 2273; x_wconf 83' lang='lat' dir='ltr'>non</span> <span class='ocrx_word' id='word_1_318' title='bbox 1251 2238 1296 2272; x_wconf 79' lang='lat' dir='ltr'>est</span> <span class='ocrx_word' id='word_1_319' title='bbox 1314 2236 1456 2271; x_wconf 79' lang='lat' dir='ltr'>alienare</span> <span class='ocrx_word' id='word_1_320' title='bbox 1471 2232 1580 2279; x_wconf 83' lang='lat' dir='ltr'>poffit.</span> 
     </span>
     <span class='ocr_line' id='line_1_36' title="bbox 155 2283 1583 2334; baseline -0.006 -14"><span class='ocrx_word' id='word_1_321' title='bbox 155 2285 316 2320; x_wconf 83' lang='lat' dir='ltr'>Creditor</span> <span class='ocrx_word' id='word_1_322' title='bbox 331 2288 419 2319; x_wconf 86' lang='lat' dir='ltr'>enim</span> <span class='ocrx_word' id='word_1_323' title='bbox 438 2289 555 2332; x_wconf 77' lang='lat' dir='ltr'>pignus</span> <span class='ocrx_word' id='word_1_324' title='bbox 569 2299 609 2321; x_wconf 85' lang='lat' dir='ltr'>cx</span> <span class='ocrx_word' id='word_1_325' title='bbox 626 2289 793 2332; x_wconf 51' lang='lat' dir='ltr'>pactione,</span> <span class='ocrx_word' id='word_1_326' title='bbox 818 2288 968 2334; x_wconf 81' lang='lat' dir='ltr'>quamvis</span> <span class='ocrx_word' id='word_1_327' title='bbox 986 2287 1057 2332; x_wconf 78' lang='lat' dir='ltr'>ejus</span> <span class='ocrx_word' id='word_1_328' title='bbox 1074 2297 1111 2318; x_wconf 77' lang='lat' dir='ltr'>ca</span> <span class='ocrx_word' id='word_1_329' title='bbox 1131 2298 1182 2319; x_wconf 83' lang='lat' dir='ltr'>res</span> <span class='ocrx_word' id='word_1_330' title='bbox 1200 2299 1264 2319; x_wconf 88' lang='lat' dir='ltr'>non</span> <span class='ocrx_word' id='word_1_331' title='bbox 1284 2284 1334 2325; x_wconf 78' lang='lat' dir='ltr'>fit,</span> <span class='ocrx_word' id='word_1_332' title='bbox 1360 2283 1504 2316; x_wconf 73' lang='lat' dir='ltr'>alienare</span> <span class='ocrx_word' id='word_1_333' title='bbox 1523 2292 1583 2326; x_wconf 83' lang='lat' dir='ltr'>po-</span> 
     </span>
     <span class='ocr_line' id='line_1_37' title="bbox 155 2326 1582 2380; baseline -0.004 -14"><span class='ocrx_word' id='word_1_334' title='bbox 155 2333 226 2376; x_wconf 72' lang='lat' dir='ltr'>test,</span> <span class='ocrx_word' id='word_1_335' title='bbox 252 2343 368 2379; x_wconf 80' lang='lat' dir='ltr'>utpote</span> <span class='ocrx_word' id='word_1_336' title='bbox 386 2332 407 2366; x_wconf 82' lang='lat' dir='ltr'>si</span> <span class='ocrx_word' id='word_1_337' title='bbox 428 2334 526 2366; x_wconf 83' lang='lat' dir='ltr'>initio</span> <span class='ocrx_word' id='word_1_338' title='bbox 545 2345 744 2368; x_wconf 83' lang='lat' dir='ltr'>conventum</span> <span class='ocrx_word' id='word_1_339' title='bbox 758 2332 808 2376; x_wconf 83' lang='lat' dir='ltr'>fit,</span> <span class='ocrx_word' id='word_1_340' title='bbox 837 2344 872 2368; x_wconf 86' lang='lat' dir='ltr'>ut</span> <span class='ocrx_word' id='word_1_341' title='bbox 887 2334 1007 2368; x_wconf 83' lang='lat' dir='ltr'>liceret</span> <span class='ocrx_word' id='word_1_342' title='bbox 1026 2332 1185 2367; x_wconf 71' lang='lat' dir='ltr'>creditori</span> <span class='ocrx_word' id='word_1_343' title='bbox 1203 2334 1321 2378; x_wconf 62' lang='lat' dir='ltr'>pignus</span> <span class='ocrx_word' id='word_1_344' title='bbox 1335 2329 1494 2370; x_wconf 81' lang='lat' dir='ltr'>vendere,</span> <span class='ocrx_word' id='word_1_345' title='bbox 1522 2326 1582 2380; x_wconf 74' lang='lat' dir='ltr'>nisi</span> 
     </span>
    </p>

    <p class='ocr_par' dir='ltr' id='par_1_8' title="bbox 1438 2386 1580 2420">
     <span class='ocr_line' id='line_1_38' title="bbox 1438 2386 1580 2420; baseline -0.007 -12"><span class='ocrx_word' id='word_1_346' title='bbox 1438 2386 1580 2420; x_wconf 77' lang='lat' dir='ltr'>pecunia</span> 
     </span>
    </p>
   </div>
  </div>
 </body>
</html>
