2059 2812
376 159 482 209 242
770 139 1034 191 Elementa
1065 136 1213 203 Juria
1248 136 1419 190 Civilis

435 256 473 290 5.
504 241 628 283 Aetio
646 239 689 278 in
705 238 898 292 perfimam
913 235 989 277 five
1002 237 1213 291 Perfhnalis
1232 237 1303 285 est,
1330 239 1402 290 qud
1421 251 1496 277 cum
1517 251 1553 276 eo
1571 235 1726 292 agimus,
1755 238 1821 290 qui

380 301 483 343 nobis
502 303 683 356 obligatus
709 300 760 354 est
792 313 838 338 ex
868 298 1063 348 contraibit,
1091 300 1153 339 vel
1171 298 1281 354 quast,
1309 313 1356 338 ex
1375 299 1547 351 maleficio
1568 300 1628 339 vel
1655 298 1754 353 quast
1771 298 1831 339 ad.

377 364 526 418 aliquid
556 363 730 414 dandum,
770 363 833 402 vel
854 363 1077 416 finiendum.
1134 364 1257 404 Dicta
1285 371 1418 401 autem
1451 364 1681 416 Personalis‚
1723 361 1820 417 quia

375 426 584 481 personam
612 426 785 478 obligati
819 436 1017 480 perpetuo
1051 425 1246 478 sequitur.
1304 425 1469 465 Dicitur
1500 426 1618 466 etiam
1649 426 1821 467 Condic‘lio

376 534 489 581 deque
505 547 581 569 cum
601 536 747 569 Praetore
768 533 936 576 redibant,
960 533 1287 582 ejusquejudicium
1307 533 1541 580 expeerabant.
1593 535 1719 571 Verum
1738 536 1817 581 quia

378 583 506 616 Praetor
521 582 743 616 multitudine
761 583 977 625 negotiorum
991 581 1240 628 impediebatur
1257 594 1320 615 una
1338 593 1413 615 cum
1429 581 1641 626 litigantibus
1657 586 1721 626 ire,
1742 582 1818 616 lcti

377 630 542 663 rationem
560 629 811 672 excogitarunt,
839 640 917 675 qua,
945 627 1166 675 profectionis
1179 628 1326 663 molestia
1345 628 1484 671 sublata,
1504 638 1651 664 veterum
1667 630 1816 675 judicio-

377 688 450 710 rum
468 676 573 718 figura
597 680 634 710 &
650 674 772 719 religio
792 686 954 710 maneret.
1006 677 1123 724 ltaque
1139 676 1279 724 priscam
1294 675 1386 710 illam
1405 676 1649 723 profestionem
1663 678 1818 721 imagini-

377 722 447 764 bus,
474 721 649 769 verbisque
666 722 872 765 simularunt,
899 723 1121 767 instituentes,
1148 734 1184 757 ut
1199 725 1234 757 in
1253 721 1350 757 fundi
1369 722 1480 767 gleba,
1504 723 1609 758 veluti
1625 722 1718 771 super
1741 734 1817 758 toto

375 769 494 812 fundo,
522 770 616 816 cujus
647 770 743 813 gleba
769 769 825 804 illa
855 769 1066 804 simulacrum
1095 782 1178 812 erat,
1209 770 1375 817 judicium
1408 781 1634 806 exerceretur.
1686 769 1818 815 Qam·

373 817 491 851 obrem
507 816 584 850 satis
601 827 672 851 erat
686 818 864 851 Praetorem
878 816 983 859 adire,
999 827 1036 851 ut
1050 818 1138 865 apud
1155 830 1230 853 eum
1241 816 1409 865 judicium
1424 817 1663 859 intenderent3
1690 819 1816 854 Praetor

374 874 488 898 autem
516 865 548 897 in
565 862 645 898 urbe
665 864 831 906 manebat,
859 877 935 899 cum
962 865 1133 909 litigantes
1152 864 1211 911 ipsi
1230 878 1270 900 ex
1291 865 1377 912 jure,
1406 863 1469 900 five
1496 878 1538 900 ex
1566 865 1657 908 loco,
1682 864 1739 899 ubi
1760 866 1816 912 jus

372 910 589 954 reddebatur,
607 911 902 958 proficiscerentur
918 913 952 945 in
969 911 1126 956 fundum,
1153 912 1242 947 unde
1257 912 1389 957 glebam
1411 911 1590 956 tollebant,
1615 916 1757 960 eamq'ue
1780 915 1814 948 in

368 958 538 1004 judicium
564 958 792 1002 adducebant,
819 968 857 993 ut
884 971 944 1006 per
970 972 1056 1003 earn,
1084 972 1185 1008 quam
1211 964 1248 995 &
1278 972 1496 996 ermcan
1522 958 1697 1002 vocabant,
1723 969 1818 995 totus

370 1005 508 1047 fundus,
535 1010 570 1042 ὃ(
592 1005 759 1053 profectio
779 1008 937 1041 Praetoris
956 1008 990 1041 in
1011 1020 1080 1041 rem
1101 1008 1297 1053 praesentem
1315 1006 1584 1050 adumbraretur,
1609 1019 1648 1042 ac
1667 1008 1714 1042 rei
1738 1007 1816 1042 loco

370 1054 482 1097 imago
496 1052 552 1087 illa
570 1053 803 1099 subjiceretur.
847 1055 881 1088 Si
900 1054 942 1088 de
959 1054 1152 1101 possessione
1169 1055 1276 1098 igitur
1294 1064 1513 1101 quaereretur,
1537 1056 1678 1098 Praetor,
1700 1054 1814 1101 quoad

370 1101 405 1134 in
419 1100 551 1147 judicio
567 1102 782 1147 proprietatis
803 1101 901 1135 alteri
928 1114 998 1135 rem
1018 1100 1239 1136 addicendam
1259 1102 1437 1144 constaret,
1465 1100 1675 1147 possessorem
1697 1102 1814 1136 tueba-

371 1147 566 1182 tur.——At
582 1147 674 1182 secus
691 1157 765 1181 erat
787 1149 821 1182 in
845 1149 933 1193 causa
948 1150 1131 1191 Libertatis,
1155 1149 1189 1182 in
1213 1161 1279 1195 qua
1305 1161 1372 1182 non
1396 1148 1598 1196 posseffionis
1616 1147 1735 1182 titulus
1752 1161 1813 1195 po-

371 1196 440 1228 tior
456 1204 538 1237 erat,
566 1194 622 1228 sed
644 1193 826 1237 libertatis,
852 1198 934 1242 quia
960 1198 1064 1240 magis
1082 1194 1274 1240 reipublicce
1302 1194 1464 1230 conducit
1481 1195 1596 1230 liberis
1614 1194 1731 1230 urbem
1750 1198 1814 1231 im-

372 1241 460 1287 pleri
489 1253 593 1288 quam
621 1241 733 1276 servis.
786 1241 869 1277 Ideo
886 1243 921 1276 in
949 1244 1119 1278 liberalibus
1135 1243 1238 1289 caufis,
1267 1242 1324 1277 ubi
1342 1242 1427 1277 alter
1446 1244 1480 1277 in
1499 1242 1702 1285 libertatem,
1727 1242 1814 1279 alter

368 1289 403 1322 iu
430 1288 625 1323 servitutem
656 1288 815 1324 assereret
844 1301 949 1332 reum,
974 1291 1118 1334 vindicia,
1146 1289 1211 1324 sive
1241 1290 1393 1336 poffeffio
1422 1289 1566 1325 durante
1595 1289 1693 1325 causa
1712 1290 1813 1325 status

365 1334 511 1370 dabatur
532 1335 715 1371 secundum
745 1336 938 1372 libertatem
968 1347 1008 1372 ut
1034 1346 1186 1373 maneret
1213 1337 1311 1380 liber,
1338 1336 1446 1372 donec
1477 1336 1571 1385 plane
1599 1337 1728 1373 servum
1747 1337 1812 1373 effe

367 1383 543 1419 constaret.
596 1383 633 1418 Id
653 1396 729 1418 cum
748 1384 821 1429 lege
839 1383 893 1419 sua
918 1386 1109 1420 Decemviri
1129 1384 1384 1427 constituissent,
1410 1385 1468 1431 qui
1499 1394 1611 1421 tamen
1639 1386 1728 1419 inter
1752 1397 1812 1420 eos

366 1432 568 1466 auetoritate
586 1430 761 1477 praestabat
786 1434 897 1478 Appius
920 1434 1064 1467 Claudius
1094 1431 1300 1467 calumniosa
1319 1433 1604 1480 interpretatione
1636 1433 1736 1466 telam
1756 1444 1810 1466 re·-

366 1488 483 1512 texere
500 1478 710 1519 conabatur;
750 1481 879 1526 quippe
897 1481 956 1526 qui
984 1478 1131 1515 senserat
1155 1478 1209 1514 sua
1226 1477 1287 1513 fibi
1317 1479 1391 1524 lege
1417 1478 1609 1526 praeclusum
1638 1479 1810 1514 libidinosi

366 1524 494 1558 confilii
510 1526 654 1560 exitum.
692 1527 830 1560 Notum
847 1526 892 1560 est
909 1527 1000 1560 enim
1016 1539 1093 1560 eum
1110 1525 1217 1561 forma
1235 1528 1371 1572 Virginiae
1387 1527 1539 1569 Virginis
1556 1536 1686 1574 captum
1704 1527 1809 1561 clien-

364 1581 434 1606 tem
452 1571 545 1606 suum
562 1574 614 1606 M.
635 1571 831 1616 Claudium,
852 1572 987 1607 absente
1000 1574 1160 1617 Virginio
1179 1574 1281 1607 Patre
1300 1572 1485 1617 subjeciffe,
1511 1575 1570 1619 qui
1589 1586 1659 1608 eam
1676 1584 1809 1621 peteret

365 1619 398 1651 in
412 1619 629 1661 Servitutem,
655 1617 718 1653 five
738 1618 825 1653 suam
842 1619 966 1654 servam
980 1619 1046 1654 effe
1061 1619 1296 1654 contenderet.
1349 1621 1436 1654 Cum
1452 1629 1567 1654 autem
1582 1622 1808 1656 Decemvirali

364 1665 439 1710 lege
467 1664 614 1700 durante
628 1664 761 1712 judicio
786 1666 892 1701 libera
923 1678 1118 1712 permanere
1135 1666 1288 1709 deberet,
1315 1666 1441 1716 Appius
1469 1668 1539 1714 ejus
1557 1668 1732 1714 potiundae
1751 1668 1808 1716 spe

363 1712 512 1759 puellam
528 1714 579 1747 M.
596 1711 742 1747 Claudio
758 1712 892 1748 tradere
910 1715 945 1748 in
958 1713 1152 1749 servitutem
1177 1713 1370 1758 cogitabat:
1395 1726 1511 1750 verum
1530 1717 1610 1761 quia
1634 1714 1689 1750 sua
1706 1715 1808 1763 ipsius

361 1761 437 1805 lege
468 1759 723 1807 prohibebatur,
748 1759 890 1804 negabat
918 1761 1087 1796 beneficio
1114 1761 1198 1805 legis
1224 1761 1384 1806 gaudere,
1409 1762 1469 1808 qui
1495 1761 1536 1796 ab
1564 1761 1644 1806 alio,
1671 1774 1770 1809 quarn
1787 1776 1807 1798 a

361 1808 461 1842 Patre
480 1809 514 1841 in
529 1806 719 1842 libertatem
738 1807 950 1843 assereretur.
1003 1810 1122 1855 Itaque
1140 1810 1383 1856 pronuntiavit,
1409 1807 1544 1843 absente
1560 1811 1671 1852 Patre,
1695 1809 1807 1844 vindi-

363 1857 430 1890 cias
447 1853 576 1889 dandas
590 1853 777 1890 secundum
795 1855 1000 1898 servitutem,
1024 1854 1091 1892 five
1108 1855 1306 1892 tradendam
1331 1858 1508 1901 Virginem
1534 1858 1663 1892 interea
1688 1858 1722 1891 in
1740 1856 1806 1891 ser-

361 1904 507 1936 vitutem
523 1901 569 1944 ei,
595 1903 655 1949 qui
675 1900 735 1936 fibi
753 1902 943 1938 dominium
957 1902 1110 1938 assereret
1127 1903 1217 1938 illius
1233 1916 1240 1938 ε
1266 1916 1344 1939 curn
1364 1917 1433 1938 non
1449 1917 1466 1938 a
1485 1914 1589 1951 patre,
1615 1913 1734 1953 utpote
1747 1903 1804 1938 ab-

362 1949 465 1992 sente,
489 1946 609 1993 sed‚ab
626 1949 796 1984 avunculo
813 1950 1044 1985 vindicaretur
1070 1953 1104 1985 in
1129 1950 1335 1986 libertatem.
1385 1952 1472 1996 Qae
1489 1951 1587 1986 ferox
1612 1950 1736 1995 libido,
1763 1956 1802 1987 &

360 2006 458 2032 atrox
473 1995 656 2039 calumnia,
682 2007 780 2042 quam
796 1996 1000 2032 seditionem
1016 1999 1226 2042 excitaverit,
1254 2009 1448 2046 quantaque
1471 1998 1515 2033 de
1531 1999 1733 2033 auctoritate
1754 2010 1804 2033 at-

362 2057 430 2091 que
450 2044 591 2090 imperio
604 2043 768 2090 dejecerit
786 2046 1006 2080 Decemviros
1022 2045 1098 2081 satis
1115 2046 1226 2094 liquet
1242 2059 1283 2081 ex
1301 2047 1455 2082 Historiis
1471 2047 1802 2081 Romanorum-.-

359 2091 451 2126 Vide
472 2091 544 2125 Liv.
572 2091 649 2125 Lib.
666 2092 732 2125 111.
759 2103 831 2138 cap.
843 2094 1187 2139 44.-—-Antequam
1206 2103 1316 2128 tamen
1345 2095 1385 2137 is,
1413 2094 1471 2139 qui
1491 2094 1591 2128 status
1609 2104 1803 2129 controver-

358 2138 438 2173 fiam
456 2136 655 2185 patiebatur,
679 2136 721 2172 ad
739 2139 821 2185 quafi
833 2139 1025 2184 poffiffwnem
1048 2140 1215 2175 libertatis
1242 2141 1384 2184 rediret,
1411 2139 1584 2188 sponsores
1602 2139 1684 2174 dare
1699 2154 1802 2188 opor-

361 2185 465 2228 tebat,
490 2185 551 2231 qui
581 2197 660 2220 eum
686 2184 819 2232 juditio
849 2187 982 2221 stituros
1001 2189 1256 2235 promitterent.
1312 2191 1424 2235 Atque
1442 2188 1512 2221 haec
1538 2187 1614 2222 sane
1632 2187 1802 2223 libertatis

359 2235 468 2276 gratia
484 2232 558 2266 sunt
573 2233 765 2269 constituta.
815 2234 986 2269 Caeterum
1005 2234 1207 2280 reliquarum
1227 2247 1339 2270 rerum
1366 2234 1530 2283 poffeffi0,
1555 2233 1577 2268 fi
1595 2247 1656 2270 nec
1673 2238 1714 2279 vi,
1738 2248 1800 2270 nec

359 2283 435 2323 dolo,
471 2291 581 2326 neque
610 2282 691 2315 clam
717 2290 814 2329 capta
844 2281 973 2327 fuisset,
996 2281 1119 2330 judicii
1138 2293 1293 2331 ternpore
1321 2282 1411 2331 apud
1442 2280 1548 2330 ipsum
1580 2283 1800 2330 permanebat

361 2327 586 2375 possessorem.

1712 2375 1796 2417 haec
