2059 2812
427 135 522 199 198
813 131 1076 183 Elementa
1107 130 1270 197 Juris>
1291 133 1460 186 Civilis

420 229 581 280 morbo,
609 237 676 270 aut
703 227 785 267 alio
812 227 900 269 casu
928 241 1001 283 per
1027 228 1230 270 modicum
1257 239 1411 284 tempus
1436 233 1486 274 ad
1511 246 1677 288 operam
1704 235 1856 278 inutilis

418 289 545 332 fuerit
565 291 706 339 faetus,
733 290 1003 332 inhumaniter
1023 291 1148 345 ipsum
1166 292 1232 332 vel
1255 292 1368 345 plane
1389 294 1456 336 sua
1472 295 1685 339 fundtione
1703 298 1856 353 dejicit,

419 354 484 396 vel
501 354 551 394 de
571 354 756 408 penfione
775 355 873 408 quid
891 356 1020 396 eidem
1037 355 1229 398 detrahit.

476 432 511 464 7.
544 419 731 472 Denique
750 434 797 460 ex
816 421 1004 474 aequitate
1032 420 1255 461 intulerunt
1275 430 1429 462 veteres
1447 422 1760 478 Conductormm
1788 430 1857 481 qui

416 482 586 536 impleto
602 492 785 536 tempore
804 497 847 524 re
867 485 1010 534 utitur,
1045 499 1144 535 eam,
1173 484 1197 525 fi
1217 485 1411 538 praedium
1431 485 1474 526 fit
1493 486 1675 540 rusticum,
1705 492 1744 530 in
1760 506 1855 532 eun-

415 545 504 585 dem
525 560 670 586 annum
690 567 702 598 3
729 546 783 587 fin
799 546 989 596 urbanum,
1018 548 1061 587 in
1075 547 1240 588 eandem
1259 549 1549 600 conditionem,
1578 558 1612 593 ὃ(
1632 552 1735 594 idem
1756 564 1855 594 tem-

414 622 486 661 pus
521 610 643 651 tacite
676 610 946 650 reconduxiffe
979 610 1125 651 videri.
1183 609 1306 651 Unde
1340 612 1379 651 in
1397 613 1609 666 Exprqffam
1628 620 1662 656 ὅ(
1686 616 1853 657 'Tacitum

412 674 587 714 Locatio
604 674 833 714 conductio
853 674 983 715 dividi
1002 675 1118 716 solet.

472 741 507 777 8.
539 738 599 774 Ex
620 736 699 776 hoc
718 738 929 778 contractu
948 747 1116 791 uterque
1135 737 1461 779 contrahentium
1481 740 1530 780 ab
1550 741 1671 782 initio
1703 744 1854 800 obliga-

413 806 497 848 tur,
522 803 556 839 &
588 797 680 839 hinc
703 797 790 839 duae
817 798 912 839 inde
944 800 1155 842 nascuntur
1183 801 1356 841 actiones
1376 801 1525 854 ιίὶνεὲἶιε,
1554 805 1683 845 Locati
1701 804 1852 858 altera3

413 860 539 901 altera
568 861 743 903 Candaei.

470 940 507 973 9.
540 925 663 966 Actio
689 926 819 966 Locati
843 926 962 966 datur
982 925 1155 967 locatori
1185 927 1370 968 adversus
1397 930 1697 984 conductorem,
1724 933 1854 987 ejusve

411 987 612 1029 haeredem
640 988 690 1028 ad
710 990 930 1030 mercedem
950 991 1049 1043 justo
1068 1001 1252 1044 tempore
1279 1006 1359 1031 non
1386 992 1557 1034 solutam
1585 997 1674 1047 post
1701 1010 1854 1037 moram

410 1067 498 1094 cum
519 1051 647 1092 usuris
667 1053 920 1106 solvendam3
953 1067 1036 1094 rem
1063 1055 1250 1103 locatam,
1277 1056 1391 1096 finito
1411 1059 1617 1098 contractu
1646 1061 1854 1101 restituen-

411 1116 517 1164 dam,
547 1116 893 1169 praestandumque
913 1117 1100 1157 damnum
1114 1118 1252 1158 saltem
1267 1118 1346 1158 levi
1367 1120 1482 1172 culpa
1501 1121 1648 1163 datum.

469 1195 531 1220 10.
567 1180 728 1220 conda&
748 1183 891 1220 contr&⁴
912 1182 1033 1221 Actio
1054 1179 1293 1221 conductori
1320 1183 1513 1235 competit
1538 1184 1723 1224 adversus
1748 1184 1855 1226 loca-

409 1252 541 1283 torem
563 1243 697 1297 ejusve
728 1243 904 1283 haeredes
936 1244 986 1284 acl
1017 1244 1280 1296 praestandum
1301 1246 1360 1284 rei
1387 1246 1511 1296 usum,
1541 1247 1604 1288 vel
1624 1260 1777 1301 operas,
1805 1248 1854 1289 ad

409 1305 679 1347 refundendas
714 1306 905 1360 impensas
941 1308 1172 1348 necessarias
1206 1315 1241 1350 ὅ(
1277 1309 1394 1351 utiles
1427 1311 1469 1350 in
1498 1324 1584 1352 rem
1616 1313 1853 1356 conductam

409 1369 548 1421 factas,
576 1371 844 1424 damnumque
862 1371 999 1412 saltem
1017 1371 1133 1426 culpa
1152 1372 1232 1413 levi
1252 1372 1388 1415 datum
1407 1374 1715 1418 resarciendum.

515 1479 682 1545 JUS
712 1481 906 1531 ANG
924 1480 972 1530 L
990 1481 1359 1533 JCANUM.
1384 1484 1444 1532 ad
1465 1484 1747 1537 Titxxv,

461 1580 586 1612 Terras
606 1578 716 1612 locare
734 1578 867 1625 possunt
886 1591 1014 1620 omnes,
1040 1580 1099 1625 qui
1119 1580 1151 1614 in
1170 1581 1217 1614 eis
1236 1579 1380 1615 feudum
1401 1580 1525 1616 habent
1547 1582 1761 1630 fivefimplex,
1787 1584 1851 1621 five

412 1625 591 1667 Tullianum,
617 1625 719 1672 idque
737 1624 802 1660 five
821 1625 890 1667 suo,
917 1625 980 1660 five
999 1625 1233 1669 Ecclefiarum,
1261 1639 1317 1661 aut
1334 1630 1490 1663 Uxorum
1507 1630 1592 1675 jure.

461 1672 533 1719 Qi
550 1674 623 1718 jure
642 1673 700 1707 suo
715 1671 853 1707 feudum
865 1674 990 1719 fimplex
1009 1672 1121 1716 habet,
1145 1674 1186 1708 ad
1206 1685 1428 1722 quotcunque
1451 1675 1532 1710 velit
1553 1689 1657 1712 annos
1678 1688 1781 1714 terras
1797 1680 1850 1715 lo-

411 1729 488 1754 care
509 1719 626 1766 potest,
653 1718 838 1753 dummodo
865 1731 975 1754 tamen
994 1732 1060 1754 non
1086 1723 1218 1768 corpori
1239 1722 1392 1768 politicO,
1420 1735 1461 1756 nc·
1489 1722 1623 1760 modum
1651 1727 1849 1761 excedendo

411 1766 453 1800 ad
471 1779 591 1801 manum
610 1777 754 1801 mortuam
771 1766 928 1802 dimifisse
946 1766 1232 1814 videatur.—-Qi
1252 1768 1390 1804 feudum
1409 1772 1560 1806 talliarum
1575 1770 1643 1815 suo,
1661 1774 1849 1820 velfimplex

410 1813 524 1848 alieno
539 1815 626 1860 jure,
652 1813 868 1848 ecclefiarum
887 1813 1060 1858 videlicet,
1086 1826 1144 1850 aut
1173 1828 1317 1852 uxorum
1334 1828 1466 1861 tenent,
1502 1819 1600 1864 paulo
1617 1822 1737 1855 arecius
1754 1821 1849 1856 cohi-

410 1860 543 1895 bentur.

460 1908 715 1955 Archiepiscopi
732 1918 790 1942 aut
807 1908 962 1956 Episcopi
981 1921 1086 1945 terras
1104 1910 1233 1946 suarum
1253 1911 1472 1947 Ecclessarum
1495 1912 1583 1948 ultra
1600 1915 1780 1948 terminum
1799 1916 1849 1949 vi-

411 1956 497 1998 ginti
516 1957 613 1989 unius
630 1967 813 1999 annorum,
838 1966 898 1990 aut
919 1958 1024 1992 trium
1042 1960 1186 1994 vitarum
1206 1958 1248 1993 ab
1263 1961 1365 1993 initio
1384 1959 1534 2009 ejusdem
1557 1961 1740 1996 locationis
1756 1974 1847 1996 com-

410 2000 596 2049 putandum
617 2002 727 2037 locare
746 2015 811 2036 non
832 2003 976 2049 possunt.

459 2050 614 2093 Magistri
634 2054 670 2085 &
687 2050 776 2083 Socii
794 2051 1042 2095 collegiorum,
1066 2054 1195 2087 Decani
1219 2056 1255 2089 &
1273 2054 1480 2099 Capitulum,
1507 2053 1669 2089 Gatdiani
1687 2053 1847 2102 Hospita-

410 2096 506 2138 lium,
532 2100 569 2130 δε
592 2109 708 2131 omncs
730 2096 944 2132 Ecclefiastici
964 2108 1067 2133 terras
1096 2100 1230 2134 suorum
1257 2101 1489 2144 Colle-giorum
1508 2100 1758 2136 ecclefiarumve
1775 2102 1846 2137 col-

410 2144 606 2188 legiatarum
635 2144 722 2178 ultra
745 2146 929 2180 terminum
958 2147 1077 2189 viginti
1109 2150 1203 2181 unius
1232 2160 1406 2190 annorum,
1431 2158 1488 2182 aut
1519 2149 1623 2182 trium
1655 2150 1796 2183 vitarum
1827 2161 1845 2184 a

411 2202 562 2237 tempore
580 2191 760 2226 locationis
778 2191 1051 2237 computandum,
1079 2193 1189 2228 locare
1227 2194 1436 2229 rohibentur.
1489 2197 1617 2242 Neque
1633 2194 1676 2230 fic
1692 2195 1844 2243 quidem,

410 2237 470 2273 nifi
490 2237 618 2272 locatio
636 2240 727 2286 prius
745 2238 842 2281 facta,
860 2238 883 2272 fi
902 2251 976 2286 quae
993 2239 1068 2273 talis
1085 2239 1136 2282 fit,
1153 2207 1238 2276 iulia
1257 2243 1439 2276 triennium
1457 2244 1609 2289 proxime
1625 2242 1841 2289 sequuturum

408 2286 513 2320 finem
532 2285 683 2320 habitura
702 2285 751 2321 fit.
804 2285 958 2330 CollegIa
979 2288 1080 2321 etiam
1107 2297 1173 2322 tam
1199 2288 1372 2335 utriusque
1390 2289 1592 2332 Academiae,
1619 2302 1720 2337 quam
1739 2291 1841 2324 etiam

410 2335 524 2368 AEtonae
543 2336 580 2368 &
600 2333 753 2369 Wntoniae
780 2335 916 2369 tertiam
935 2333 1100 2369 mercedis
1118 2344 1249 2381 partem
1275 2337 1307 2369 in
1327 2337 1447 2380 granis,
1468 2337 1565 2383 juxta
1584 2336 1842 2372 constitutionis

1758 2395 1842 2430 prae-
