2059 2812
381 156 483 204 270
779 135 1036 209 Elementa
1072 132 1219 201 Juris
1254 132 1420 186 Civilis

438 255 472 285 7.
508 242 605 280 Haec
637 235 809 288 exempli
837 234 952 274 causa
982 232 1158 273 retulisse
1190 232 1367 274 sufficiat.
1426 233 1693 288 Exceptiones
1725 247 1823 275 vero

378 303 559 358 quaedam
588 315 635 340 ex
656 300 823 354 legibus,
853 299 918 340 vel
937 300 999 348 iis,
1027 311 1115 351 quae
1134 297 1234 352 legis
1256 298 1338 337 vim
1357 297 1543 338 obtinent
1560 319 1572 351 3
1610 299 1676 339 vel
1694 313 1743 339 ex
1765 300 1824 353 ip-

376 366 448 406 sius
466 361 654 404 Praetoris
671 361 953 415 jurisdictione
973 359 1228 401 substantiam
1247 359 1419 412 capiunt.

437 437 472 470 3.
504 427 772 482 Appellantur
787 437 919 466 autem
934 427 1201 479 Exceptiones
1218 425 1305 464 alia:
1323 436 1526 478 perpetuae
1543 432 1577 468 ἃ
1592 430 1825 481 Perempto-

378 494 447 533 rite
463 513 473 544 3
518 491 606 531 aliae
625 490 883 544 Temporales
909 495 943 531 ὅ(
975 489 1479 542 Dilatoriae.—-Perpetuae
1508 495 1542 530 ὅ(
1571 491 1825 544 Peremptoriae

377 557 479 606 sunt,
498 570 583 610 quae
603 555 757 606 semper
775 554 982 609 agentibus
1001 553 1172 602 obstant,
1200 559 1235 594 ὃ(
1253 552 1410 606 semper
1429 565 1512 592 rem
1533 551 1582 591 de
1601 566 1676 606 qua
1694 554 1826 608 agitur

377 622 596 673 perimunt,
624 618 750 670 qualis
784 618 839 657 est
866 617 1065 670 Exceptio
1094 616 1181 656 doli
1208 617 1317 666 mali,
1351 623 1386 658 δε
1413 616 1524 670 quod
1556 627 1682 656 metus
1713 618 1826 660 causa

376 683 528 724 factum
547 682 616 729 est,
643 686 677 721 ἃ
692 680 797 733 paoli
817 680 1022 728 conventi,
1052 692 1144 719 cum
1170 679 1225 720 ita
1249 679 1501 727 convenerit,
1530 691 1580 718 ne
1600 680 1739 719 omnino
1759 695 1826 734 pe-

377 746 493 788 'cunia
511 742 1056 798 peteretur.--Temporczles
1076 753 1193 796 atque
1211 742 1403 782 Dilatoriae
1423 743 1529 791 sunt,
1557 755 1645 795 quae
1661 742 1709 782 ad
1728 754 1827 784 tem-

375 823 447 864 pus
475 820 637 858 nocent,
665 813 701 850 &
733 810 927 861 temporis
959 807 1198 847 dilationem
1230 808 1444 859 tribuunt3
1483 807 1608 860 qualis
1636 809 1691 848 est
1722 807 1830 861 pacti

377 874 583 921 conventi,
614 888 705 914 cum
738 873 795 912 ita
823 872 1072 922 convenerit,
1102 887 1152 913 ne
1177 872 1280 912 intra
1301 883 1436 912 certum
1457 880 1596 925 tempus
1627 883 1830 925 ageretur,

378 937 503 978 veluti
524 938 631 977 intra
652 936 997 989 quinquennium;
1036 950 1125 975 nam
1145 936 1261 976 finito
1280 951 1330 976 eo
1350 946 1534 989 tempore
1554 949 1632 974 non
1661 935 1829 988 impedi-

377 1011 444 1041 tur
474 1002 602 1043 Atstor
635 1013 720 1040 rem
748 1000 904 1053 exequi.
967 999 1066 1039 Ideo
1100 1000 1204 1039 enim
1243 1000 1424 1040 dilatoriae
1457 1001 1537 1040 istae
1564 999 1829 1052 Exceptiones

377 1066 644 1120 appellantur.

434 1147 469 1178 9.
507 1134 705 1169 Praeterea
742 1126 864 1166 etiam
899 1142 946 1166 ex
982 1128 1141 1181 persona
1178 1127 1268 1166 sunt
1304 1125 1506 1166 dilatoriae
1538 1127 1832 1180 Exceptiones,

380 1194 518 1248 quales
546 1194 637 1233 sunt
667 1192 944 1241 Procuratoriae,
974 1191 1114 1240 veluti,
1143 1190 1169 1231 si
1200 1203 1272 1244 per
1304 1190 1490 1239 militem,
1526 1200 1594 1229 aut
1621 1191 1832 1231 mulierem

378 1271 495 1314 agere
515 1257 604 1310 quis
623 1255 740 1296 velit.
798 1258 903 1298 Nam
922 1254 1117 1296 militibus
1136 1269 1208 1295 nec
1237 1268 1314 1309 pro
1347 1265 1476 1308 patre,
1506 1254 1570 1295 vel
1602 1266 1742 1303 matre,
1770 1253 1835 1294 vel

378 1334 520 1371 uxore,
547 1335 621 1362 nec
636 1335 684 1360 ex
699 1319 814 1360 sacro
832 1319 1049 1372 Rescripto
1064 1320 1351 1374 procuratorio
1365 1319 1530 1360 nomine
1544 1319 1721 1372 experiri
1737 1333 1833 1361 con-

378 1385 554 1426 ceditur.
613 1385 701 1424 Suis
720 1397 819 1425 vero
838 1383 1016 1438 negotiis
1034 1383 1230 1439 supereffe
1249 1384 1324 1425 fine
1344 1383 1493 1425 offensa
1511 1383 1697 1424 militaris
1716 1383 1831 1426 disci-

379 1450 499 1504 plinae
523 1451 699 1504 possunt.

897 1507 942 1555 T
981 1522 1002 1556 1
1043 1523 1093 1558 T.
1164 1505 1310 1556 XIV.

829 1605 909 1654 De
944 1603 1376 1673 Replicationibus,

439 1720 474 1745 1.
506 1706 584 1745 Uti
615 1705 714 1757 Reus
746 1704 982 1756 exceptione
1014 1703 1080 1742 sua
1109 1701 1380 1742 intentionem
1409 1700 1602 1753 Adtoris3
1640 1702 1698 1742 ita
1722 1702 1833 1744 AHor

380 1784 485 1810 nova
521 1769 764 1824 allegatione
798 1769 1077 1822 exceptionem
1110 1767 1170 1808 rei
1208 1766 1356 1814 elidit,
1401 1780 1525 1820 eaque
1560 1767 1694 1808 vocari
1730 1766 1833 1809 solet

379 1848 659 1877 REPLICATm.

435 1915 474 1939 2.
504 1903 643 1954 Qun
658 1911 757 1940 vero
772 1897 1006 1952 contingere
1019 1896 1150 1951 poffit,
1179 1905 1222 1936 ut
1237 1896 1465 1950 replicatio,
1484 1909 1569 1948 quae
1587 1896 1716 1949 prima
1729 1895 1831 1938 facie

377 1962 478 2018 justa
508 1964 578 2011 est,
604 1963 712 2005 nova
738 1961 981 2017 allegatione
1014 1960 1251 2002 excludatur
1274 1975 1296 2000 a
1327 1973 1422 1999 reo:
1463 1973 1507 2000 ea
1538 1971 1632 2001 tunc
1662 1971 1831 2002 vocatur

382 2039 669 2067 DVPLchTIO.

443 2105 476 2138 3.
507 2095 556 2130 In
588 2088 822 2144 quibusdam
854 2088 955 2129 foris
988 2096 1023 2131 ὅ(
1053 2089 1183 2129 actori
1214 2100 1519 2136 TRIPLICATIO,
1547 2094 1581 2130 6<
1600 2089 1694 2128 Reo
1724 2101 1834 2139 QA-

382 2166 686 2197 DRVPLicATlo
717 2152 972 2202 conceditur,
1002 2154 1127 2194 immo
1160 2159 1196 2194 ὃ(
1228 2152 1444 2192 ulteriores
1471 2150 1730 2206 allegationes
1763 2152 1832 2192 ad-

434 2251 484 2284 Ex
500 2248 599 2297 ipfius
614 2249 790 2295 Praetoris]
829 2249 903 2284 Cic.
925 2248 967 2283 de
986 2250 1117 2283 Invent.
1138 2248 1214 2283 Lib.
1233 2249 1452 2282 II.—-Nam
1471 2245 1508 2282 ά
1531 2248 1638 2281 PRAE
1648 2248 1712 2281 TO
1725 2248 1834 2282 RIIS

384 2298 413 2332 Ε
425 2298 489 2333 XC
496 2298 620 2333 EPTI
628 2301 657 2332 O
668 2298 703 2331 N
710 2299 727 2331 Ι
734 2299 758 2331 Β
772 2299 828 2332 VS
851 2300 945 2332 multae
971 2297 1167 2331 excluduntur
1186 2298 1338 2339 Afflvnes,
1363 2293 1401 2330 ὠ
1427 2297 1471 2329 ita
1492 2297 1545 2337 jus
1576 2296 1664 2329 civile
1688 2295 1829 2335 habemus

382 2345 582 2393 constitutum,
609 2355 642 2380 ut
658 2344 747 2390 causa
761 2345 854 2379 cadat
871 2350 903 2389 is,
930 2345 981 2390 qui
995 2356 1063 2387 non,
1090 2345 1336 2390 quemadmodum
1354 2352 1475 2388 oportet,
1501 2344 1605 2389 egerit.
1643 2388 1648 2394 Ι

1597 2397 1827 2429 mittuntur.
