2059 2812
631 147 743 202 Lib.
776 149 870 202 IV.
943 148 1040 202 Tit.
1082 149 1146 199 VI
1505 167 1602 216 233

708 253 754 302 T
792 267 814 302 1
853 267 903 301 T.
973 249 1038 300 V.

169 345 257 413 De⁴
270 340 675 425 Obligationibus,
713 375 820 424 quae
843 355 981 424 quast
997 369 1059 408 ex
1083 354 1275 408 Deliao
1295 353 1601 424 Nascuntur.

224 460 259 510 ὲ.
290 468 496 509 Ha&enus
526 465 577 506 de
595 462 694 504 veris
715 463 881 504 Deliaeis.
939 465 1045 519 Qae
1072 461 1134 503 his
1162 470 1421 516 opponuntur
1448 476 1606 515 QAs1

169 548 196 574 D
211 545 233 573 E
245 547 267 572 L
280 545 294 571 1
312 543 336 571 e
349 543 378 570 T
392 546 414 572 A
433 528 634 584 suntfhiia
651 527 782 567 illicita
801 527 886 582 sold
905 526 1010 580 culpd
1022 526 1098 579 stne
1117 525 1192 566 dolo
1211 523 1371 576 admz'ssa.

223 612 261 639 2.
292 595 391 637 Tale
421 594 523 650 quafi
550 592 781 635 maleficium
801 592 867 634 est.
922 595 956 632 Ι.
988 591 1131 642 Judz'cis
1160 590 1263 631 litem
1285 591 1394 644 suam
1412 590 1606 643 facientis,

169 661 304 704 Litem
325 671 456 701 autem
477 659 584 699 suam
602 657 734 698 facere
754 655 920 704 dicitur,
945 655 1018 708 qui
1043 654 1146 695 male
1173 653 1383 710 judicavit.
1439 654 1566 712 Qod
1585 652 1611 693 fi

171 767 304 804 laefione
331 766 482 810 affectus,
509 778 609 814 quam
628 777 688 800 nos
706 776 922 801 MAHEMIVM
948 762 1104 798 dicimus.
1156 762 1221 799 Vel
1239 763 1340 798 etiam
1359 761 1425 796 fine
1441 764 1472 796 vi
1499 762 1608 797 verbis

173 815 382 857 convitiofis,
408 815 762 859 existimationemque
786 811 875 847 suam
895 810 1125 846 minuentibus
1142 808 1350 858 conspersus,
1376 809 1534 844 libellove
1565 810 1611 844 fa-

173 862 268 897 moso
297 861 550 908 conspurcatus,
577 861 843 895 incarceratione
869 859 985 906 injusta
1015 868 1164 901 vexatus,
1196 858 1248 893 vel
1278 857 1346 892 alio
1378 856 1478 891 fimili
1510 857 1613 892 modo

173 908 259 944 male
277 910 439 944 tractatus
454 907 566 943 fuerit.

220 959 317 991 Hanc
342 968 482 1003 quoque
511 955 667 1001 injuriam
698 954 914 988 committere
936 951 1094 988 videntur
1118 952 1182 995 illi,
1206 952 1264 1000 qui
1296 951 1378 986 dolo
1398 961 1558 987 contexto
1578 953 1611 986 in

172 1013 272 1050 caput
299 1001 517 1049 fortunasque
544 1001 684 1047 alicujus
712 999 871 1035 infidiose
899 1000 1143 1043 machinantur,
1175 1011 1259 1048 quos
1290 1000 1388 1034 nostri
1416 1012 1615 1035 consuim-

172 1062 286 1087 ‘roafis
312 1049 497 1097 appellant.

225 1099 354 1143 Neque
373 1095 512 1144 quidem
537 1095 694 1143 injuriam
711 1106 770 1142 per
783 1093 999 1142 nosmetipsos
1025 1104 1170 1137 tantum,
1198 1091 1253 1129 sed
1270 1096 1371 1129 etiam
1390 1106 1447 1143 per
1461 1106 1529 1136 eos,
1557 1096 1615 1140 qui

176 1147 211 1179 in
242 1145 349 1179 nostra
377 1143 542 1191 potestate
568 1143 653 1185 sunt,
682 1143 854 1189 patimur;
889 1152 1009 1188 utpote
1036 1154 1094 1190 per
1110 1145 1257 1185 Uxores,
1285 1154 1344 1189 per
1375 1141 1531 1184 Liberos,
1558 1153 1616 1189 per

172 1193 301 1227 Servos.

223 1238 348 1284 Injuria
367 1249 505 1284 quoque
523 1249 563 1272 ex
579 1236 840 1271 circumstantiis
856 1234 976 1279 levior,
997 1244 1054 1270 aut
1076 1237 1211 1280 gravior
1240 1234 1291 1270 fit.
1345 1236 1617 1270 circumstantias

174 1296 289 1320 autern
308 1296 521 1319 numeramus
539 1283 609 1318 fere
624 1284 774 1332 septem3
809 1295 926 1330 nempe
944 1284 1086 1325 causam,
1113 1282 1297 1331 personam,
1322 1283 1448 1325 locum,
1475 1292 1618 1328 tempus,

176 1332 388 1379 qualitatem,
414 1332 651 1377 quantitatem,
679 1335 715 1366 &
744 1334 924 1366 Eventum.
975 1332 1035 1365 Hae
1061 1334 1151 1365 enim
1182 1342 1298 1378 poenas
1325 1330 1377 1366 vel
1406 1330 1618 1373 exacerbare,

177 1379 229 1415 vel
254 1377 440 1413 diminuere
460 1377 575 1413 solent.

227 1428 306 1461 Nos
332 1425 587 1468 contumeliam,
614 1435 669 1460 aut
695 1424 794 1460 verba
813 1423 972 1471 injuriosa
991 1424 1091 1459 alicui
1117 1425 1160 1460 de
1184 1425 1305 1471 majori
1329 1424 1506 1460 nobilitate
1522 1425 1615 1460 illata

177 1475 316 1522 proprio
333 1474 470 1507 nomine
497 1485 715 1508 SCANDALVM
744 1486 957 1508 MAGNATVM
981 1472 1199 1519 appellamus,
1224 1472 1316 1519 quod
1336 1475 1463 1507 exteris
1479 1471 1617 1519 quibus-

178 1532 313 1568 cunque
331 1530 470 1567 propter
487 1519 636 1568 personae
656 1518 736 1553 laesae
758 1519 972 1566 splendorem
991 1523 1025 1555 ὅ(
1042 1519 1243 1565 dignitatern
1272 1521 1460 1563 graviorem
1480 1532 1616 1566 poenam

179 1578 338 1604 meretur.

227 1618 337 1650 Datur
360 1613 428 1647 haec
452 1615 562 1657 Aetio,
589 1624 709 1661 utpote
728 1614 760 1648 δι
778 1614 888 1647 omnis
903 1613 979 1656 alia,
1002 1626 1075 1661 quae
1092 1627 1133 1649 ex
1153 1613 1404 1658 transgreffione
1420 1613 1475 1656 est,
1502 1624 1621 1650 contra.

179 1675 256 1697 eurn
272 1663 330 1708 qui
349 1660 445 1707 culp&
460 1665 493 1696 ὃ(
511 1661 683 1696 voluntate
703 1660 757 1695 su&
775 1662 931 1706 iujuriam
953 1661 1092 1702 intulit3
1120 1667 1155 1695 ὅ(
1168 1661 1275 1695 'datur
1288 1661 1330 1695 ad
1354 1661 1468 1694 damni
1487 1663 1618 1696 restitu-

180 1712 323 1751 tionem,
349 1707 440 1754 quod
461 1707 553 1742 laesus
582 1708 670 1750 tulit,
696 1720 755 1756 per
775 1706 807 1742 se
826 1708 963 1754 quidem
982 1707 1176 1750 aestimandi,
1202 1707 1257 1742 sed
1288 1720 1346 1755 per
1362 1708 1533 1754 Juratores‚
1561 1711 1620 1756 qui

182 1757 242 1792 hac
260 1758 293 1791 in
313 1768 347 1790 re
362 1754 494 1802 judices
510 1754 596 1797 sunt,
622 1755 772 1789 taxandi.

230 1804 386 1838 Veritate
405 1803 553 1836 criminis
570 1802 710 1848 probata
729 1802 855 1849 Injuria
883 1801 972 1849 apud
996 1814 1055 1836 nos
1081 1801 1291 1837 defenditur.
1346 1801 1623 1838 Diffimulationer

180 1850 330 1897 denique
349 1850 505 1895 parientis
523 1849 690 1884 aboletur.

230 1899 346 1932 Lirem
366 1906 478 1931 autem
497 1896 584 1931 suam
605 1896 714 1931 facere
732 1896 868 1938 dicitur,
897 1897 955 1942 qui
974 1895 1061 1931 male
1086 1896 1263 1943 judicavit.
1282 1895 1294 1942 ]
1331 1897 1443 1930 Litem
1463 1895 1552 1931 suam
1571 1895 1621 1931 fa-

182 1957 258 1979 cere
282 1943 388 1991 judex
406 1943 492 1978 male
519 1943 703 1989 judicando
723 1944 803 1978 ideo
828 1943 967 1985 dicitur,
996 1945 1075 1989 quia
1105 1942 1258 1991 periculo
1286 1944 1356 1977 litis
1379 1943 1411 1977 se
1430 1943 1619 1988 obstringit,

183 1991 384 2037 causamque
398 1992 467 2037 ejus
484 1990 664 2025 secundum
685 2003 785 2038 quem
802 1993 1055 2037 pronuntiatum
1075 1993 1119 2025 est
1135 1990 1297 2037 suscipere
1313 1992 1457 2034 cogitur,
1474 1995 1509 2026 &
1530 1991 1622 2037 quafi

185 2039 274 2074 suam
293 2037 650 2072 defendere.-—C1·c.
674 2038 716 2072 de
732 2041 826 2073 Orat.
849 2038 921 2072 Lib.
939 2039 1161 2086 1.--Qist,
1181 2038 1207 2084 fi
1233 2051 1300 2072 cum
1321 2050 1374 2083 pro
1399 2041 1491 2072 altero
1522 2040 1620 2083 dicas,

187 2086 367 2121 LITEM
388 2088 419 2121 T
431 2087 486 2121 VA
496 2085 541 2119 M
566 2088 763 2129 FACIAS,
801 2095 854 2120 aut
879 2085 959 2131 laesus
977 2085 1101 2130 efferare
1120 2086 1291 2128 iracundia,
1318 2086 1439 2131 cauſsam
1455 2088 1620 2132 relinquas,

185 2135 296 2167 nihilne
313 2139 441 2168 noceas?

236 2181 381 2213 Romani
401 2179 539 2226 quidem
555 2192 689 2214 omnem
705 2179 829 2214 dabant
845 2192 995 2231 operam,
1021 2190 1057 2214 ut
1075 2179 1214 2227 Judices
1234 2178 1341 2215 essent
1354 2178 1481 2214 idonei.
1531 2181 1622 2214 Hinc

188 2226 326 2273 quidam
357 2226 430 2271 lege
453 2226 734 2273 impediebantur,
762 2241 802 2262 ne
830 2228 936 2262 essent
962 2227 1118 2274 judices,
1155 2227 1293 2274 quidam
1325 2237 1454 2269 natura,
1481 2227 1620 2273 quidam

189 2272 352 2308 moribus.
404 2274 540 2316 Natura,
566 2285 604 2308 ut
628 2273 716 2309 surdi
746 2275 778 2310 ἃ.
807 2275 906 2317 muti,
930 2273 1046 2309 furiosi
1073 2279 1108 2309 &
1139 2274 1345 2321 impuberes:
1372 2276 1467 2318 Lege,
1495 2284 1530 2307 ut
1560 2277 1620 2322 qui

193 2322 279 2355 moti
297 2319 430 2355 fuerant
445 2321 588 2355 Senatu:
619 2323 756 2364 moribus,
781 2332 818 2357 ut
834 2320 981 2357 foeminae
1005 2321 1038 2356 δι
1065 2322 1169 2356 Servi.
1223 2324 1295 2356 Imo
1322 2321 1491 2366 &justam
1510 2322 1622 2366 exige-

192 2368 274 2403 bant
293 2378 423 2403 :etatem
441 2380 541 2403 annos
559 2367 686 2403 scilicet
709 2370 750 2405 ad
771 2371 948 2405 minimum
967 2370 1088 2413 viginti
1117 2371 1284 2416 quinque,
1309 2372 1344 2403 ὅ(
1363 2367 1472 2414 postea
1489 2370 1623 2415 viginti,

963 2418 1040 2460 Gg
1587 2429 1626 2452 ac
