2059 2812
388 143 420 179 2
427 141 492 188 54
792 122 1055 174 Elementa
1086 118 1232 187 Juri‘s
1260 120 1429 174 Civilis

517 223 679 291 JUS
710 220 902 272 ANG
921 220 1374 272 LICANUM.
1405 221 1467 271 ad
1492 221 1697 272 Tit.VI.

436 323 534 357 aecio
564 325 601 356 &
633 323 741 355 Breve
768 322 943 355 communi
962 320 1144 365 Anglorum
1173 317 1327 354 sermone
1359 318 1528 365 saepiffime
1546 319 1827 363 confunduntur3

386 368 485 404 breve
502 369 595 402 enim
614 378 773 415 quoffeus
790 369 824 401 in
848 369 899 414 jus
917 378 1069 410 vocatur,
1097 366 1309 401 summariam
1326 369 1362 401 &
1380 365 1579 400 succin&am
1603 367 1684 403 faeti
1704 370 1830 415 repeti-

386 418 514 450 tionem
535 419 704 457 continet,
729 414 821 462 quod
837 417 1004 451 actionem
1023 416 1162 462 peperit.
1204 414 1340 448 Verum
1360 414 1425 447 hoc
1440 413 1501 447 illa
1527 414 1632 449 multo
1655 416 1753 450 latius
1769 427 1831 449 ex-

386 462 495 505 tendi,
523 464 546 496 ii
565 463 649 509 juris
668 463 767 496 nostri
789 463 989 510 interpretes
1007 461 1199 496 luculenter
1221 459 1411 504 ostendunt,
1439 462 1497 507 qui
1515 459 1664 496 brevium
1682 463 1828 509 explica-

385 511 515 543 tionem
536 508 668 557 professi
686 509 770 543 sunt.
823 510 935 544 Multa
951 512 1041 543 enim
1062 508 1219 542 mandata
1240 510 1406 555 Principis
1425 507 1696 552 extrajudieialia
1715 511 1829 544 conti-

387 568 468 591 nent
485 558 517 591 in
535 559 690 600 negotiis,
712 569 784 601 qua:
800 557 848 590 vel
869 556 973 603 ipsum
993 559 1193 602 principem,
1213 555 1264 588 vel
1283 557 1399 589 statum
1416 556 1635 599 Reipublicae,
1654 555 1705 590 vel
1724 559 1828 591 etiam

385 617 455 639 rem
472 606 678 650 privatorum
702 605 885 646 attingunt.
937 603 1000 637 Sed
1019 616 1136 636 eorum
1156 603 1298 635 maxima
1324 614 1397 649 pars
1419 604 1507 636 circa
1527 602 1653 650 judicia
1673 603 1830 646 versatur,

386 663 532 697 quorum
551 650 664 695 aliqua
679 649 816 696 judices
833 650 1061 684 constituunt:
1089 649 1201 695 aliqua
1226 649 1295 694 jam
1323 660 1423 683 antea
1450 650 1648 684 constitutos
1662 651 1828 697 justitiam

385 697 767 744 petentibus-impertire
793 707 929 730 monent
946 709 952 730 :
978 697 1089 742 aliqua
1107 696 1285 730 nonnullos
1300 696 1344 730 ob
1362 696 1493 730 causam
1511 695 1688 743 specialem
1704 711 1721 732 a
1736 697 1828 745 judi-

385 746 445 778 ciis
462 743 503 778 ad
519 754 650 790 tempus
672 746 846 778 eximunt:
872 744 984 789 aliqua
1003 743 1254 787 tergiversantes
1268 743 1309 777 ad
1330 743 1497 790 judicium
1513 743 1737 779 sustinendum
1753 744 1829 780 satis

385 791 466 826 dato
486 790 714 838 compellunt:
740 791 855 838 aliqua
872 790 1043 834 litigantes
1063 790 1121 824 libi
1137 789 1220 824 alios
1235 790 1277 824 ad
1295 791 1371 824 lites
1385 789 1583 825 substituere
1602 793 1828 838 permittunt:

384 838 499 886 aliqua
526 839 657 884 judices
680 837 950 884 jurisdictionem
982 838 1070 872 suam
1101 839 1202 871 nimis
1227 837 1410 872 dilatantes
1429 837 1611 882 cohibent:
1637 838 1702 872 alia
1718 838 1830 873 causas

384 885 425 920 ab
441 899 508 920 uno
533 884 610 918 foro
635 884 677 918 ad
702 885 795 919 aliud
813 894 975 919 avocant:
1003 885 1115 932 aliqua
1132 883 1279 931 denique
1297 884 1482 932 processum
1503 884 1701 928 informant,
1727 890 1761 921 &
1778 888 1830 920 in-

384 934 522 966 stituunt
539 945 545 966 :
572 932 687 978 aliqua
707 932 891 978 proceffum
909 933 1098 966 institutum
1116 930 1380 979 prosequuntur,
1407 936 1442 967 ὃς
1457 932 1500 966 ad
1519 931 1676 967 effectum
1691 932 1827 967 ducunt.

385 981 502 1014 Brevia
526 989 638 1014 autem
666 992 740 1026 quae
760 979 930 1026 judicium
956 979 1130 1020 inchoant,
1158 981 1346 1024 Originalia,
1374 992 1447 1026 qux
1477 980 1674 1014 inchoatum
1694 993 1832 1027 promo-

386 1037 479 1068 vent,
505 1031 542 1061 &
561 1025 602 1060 ad
623 1028 753 1060 exitum
768 1027 911 1073 pellunt,
931 1027 1095 1068 judicialia
1116 1026 1217 1059 nostri
1235 1025 1417 1072 appellant.
1775 1025 1779 1028 ”

434 1075 593 1108 Αξὶίοῃες
608 1085 726 1106 omnes
745 1072 797 1107 vel
815 1076 913 1116 ajure
927 1076 1085 1116 communi,
1112 1072 1222 1119 (quod
1241 1073 1344 1107 nostri
1371 1079 1586 1109 COMMVNEM
1612 1086 1738 1109 LEGEM
1763 1073 1831 1109 fre-

385 1122 547 1166 quentius
559 1119 696 1165 dicunt)
723 1119 772 1154 vel
791 1133 807 1154 a
822 1122 958 1154 Statutis
977 1120 1157 1166 profluunt.
1211 1121 1286 1154 Sive
1306 1131 1417 1154 autem
1435 1133 1450 1153 a
1463 1121 1539 1166 jure
1553 1123 1741 1164 communi,
1768 1121 1832 1156 five

384 1168 505 1201 statuto
526 1167 693 1212 originem
711 1168 855 1209 trabant,
877 1179 992 1200 omnes
1014 1167 1065 1201 vel
1086 1168 1118 1200 in
1138 1165 1306 1211 perfimam,
1330 1166 1381 1202 vel
1398 1168 1431 1202 in
1450 1180 1525 1210 rem,
1551 1167 1603 1202 vel
1621 1169 1652 1202 in
1672 1178 1832 1215 utramque

388 1215 472 1249 sunt.
1820 1223 1823 1226 ⁴

433 1260 617 1307 Reffcifforiae
635 1261 737 1295 etiam
756 1261 899 1296 aetionis
917 1272 975 1294 nos
994 1259 1133 1296 similem
1152 1258 1328 1296 habemus.
1381 1261 1477 1295 Nam
1506 1260 1528 1295 fi
1558 1263 1647 1308 quis,
1671 1261 1751 1296 dum
1778 1264 1830 1297 in-

386 1320 584 1350 carceratur,
613 1317 777 1343 terr-arum
806 1308 1000 1356 poffeffione
1018 1307 1178 1355 spoliatus
1195 1306 1311 1350 fuerit,
1340 1312 1377 1344 &
1398 1318 1493 1342 terrae
1511 1308 1578 1343 111ae
1595 1309 1636 1343 ad
1665 1309 1830 1345 haeredem

384 1354 576 1398 spoliatoris
603 1353 868 1397 descenderint;
895 1353 1057 1402 spoliatus
1084 1353 1274 1389 libertatem
1294 1355 1384 1389 suam
1401 1354 1577 1398 assecutus,
1605 1356 1832 1403 poffeffionem

385 1401 445 1437 suo
467 1404 557 1437 fafito
581 1413 791 1448 recuperare,
817 1401 886 1444 seu,
911 1401 966 1449 (ut
984 1402 1085 1436 nostri
1105 1401 1309 1448 loquuntur)
1326 1404 1360 1436 in
1390 1401 1522 1437 easdem
1557 1414 1658 1439 terras
1682 1406 1832 1439 reintrare

387 1450 507 1495 potest.
561 1451 603 1483 Et
621 1448 643 1483 fi
660 1448 826 1496 judicium
845 1460 962 1484 contra
980 1462 1055 1483 eum
1073 1448 1191 1483 datum
1223 1447 1336 1492 fuerit,
1363 1449 1450 1483 illud
1475 1450 1584 1497 postea
1610 1463 1668 1498 per
1689 1453 1774 1486 breve
1797 1453 1833 1486 de

387 1509 483 1532 errore
497 1497 629 1531 irritum
649 1496 767 1530 reddet
784 1511 792 1533 ς
819 1498 897 1543 quia
914 1498 947 1530 in
967 1496 1116 1530 custodia
1132 1494 1210 1540 fuit,
1235 1509 1295 1530 nec
1311 1499 1558 1531 contumaciter
1569 1497 1707 1539 absen55
1734 1499 1832 1533 ideo-

387 1556 453 1590 que
469 1545 592 1582 rationi
611 1542 856 1578 dissentaneum
876 1542 1020 1586 videtur,
1047 1553 1082 1576 ut
1102 1542 1280 1577 recordum
1306 1543 1372 1577 tale
1387 1544 1574 1591 praejudicii
1591 1546 1765 1593 quippiam
1783 1545 1834 1580 illi

385 1589 526 1625 adferat.

437 1637 490 1672 Est
504 1637 609 1671 etiam
628 1635 717 1682 apud
739 1648 810 1678 nos,
837 1634 930 1683 quod
947 1637 1072 1670 actioni
1096 1637 1248 1671 Paulianae
1267 1636 1382 1683 aliquo
1398 1637 1501 1672 modo
1529 1637 1733 1686 responder3
1756 1652 1831 1675 om-

387 1695 463 1718 nem
479 1685 570 1717 enim
589 1682 654 1716 five
672 1692 850 1726 terrarum,
875 1682 939 1717 five
956 1682 1120 1717 bonorum
1149 1683 1388 1717 alienationem
1417 1686 1547 1719 irritam
1566 1686 1692 1728 reddit,
1719 1699 1790 1732 quce
1809 1700 1829 1721 a

387 1730 543 1766 debitore
559 1731 592 1763 in
609 1728 761 1764 fraudem
776 1729 984 1765 creditorum
999 1730 1083 1765 fasta
1106 1731 1162 1773 est,
1187 1734 1224 1765 ὃς
1243 1732 1402 1777 praeterea
1417 1745 1550 1779 poenam
1566 1732 1721 1768 omnibus
1740 1734 1831 1768 inssi-

387 1780 450 1822 git,
477 1780 534 1824 qui
555 1776 700 1823 ejusdem
721 1776 845 1811 conscii
863 1777 950 1820 sunt,
978 1778 1010 1812 ἅ,
1027 1788 1063 1811 ut
1077 1776 1264 1821 legitimam
1279 1776 1479 1813 defendunt.

437 1836 569 1882 Neque
591 1834 680 1871 deest
699 1838 852 1872 Aetionis
869 1839 1018 1872 Servianae
1036 1835 1125 1883 quasi
1153 1835 1322 1883 parallela.
1379 1837 1474 1870 Nam
1500 1835 1583 1871 bona
1603 1837 1636 1871 in
1664 1836 1830 1883 praedium

388 1882 518 1915 invecta
538 1884 684 1917 Locator
699 1885 839 1929 proprio
857 1884 934 1930 jure
948 1882 1132 1927 distringit,
1149 1894 1250 1929 atque
1269 1883 1413 1925 detinet,
1438 1882 1547 1918 donec
1564 1896 1690 1918 merces
1708 1886 1738 1918 ei
1755 1898 1831 1933 per·

388 1927 548 1963 solvatur.
599 1930 690 1973 Qia
707 1930 774 1964 haec
792 1934 828 1966 δε
848 1943 907 1965 nos
923 1932 1017 1964 taciti
1033 1932 1185 1978 pignoris
1204 1931 1281 1964 loco
1294 1929 1462 1965 ducimus.

438 1990 594 2024 Actiones
611 2000 768 2037 praeterea
788 1991 917 2038 aliquas
935 1991 1030 2026 bonae
1048 1991 1142 2034 fidei,
1169 1991 1297 2039 aliquas
1316 1992 1416 2026 stricti
1433 1992 1517 2038 juris
1534 1990 1598 2025 effe
1625 2003 1690 2025 non
1710 1993 1829 2038 inique

387 2036 584 2071 dixerimus,
638 2039 737 2072 Licet
753 2040 843 2072 enim
861 2038 962 2073 talem
981 2038 1232 2074 distinerionem
1252 2039 1339 2086 apud
1351 2040 1434 2085 juris
1455 2039 1553 2072 nostri
1567 2038 1744 2085 scriptores
1759 2050 1831 2075 ver-

387 2084 438 2118 bis
466 2083 646 2129 expressam
667 2097 733 2119 non
757 2084 949 2127 habeamus,
975 2085 1031 2120 usu
1059 2096 1173 2121 tamen
1197 2085 1272 2120 satis
1298 2085 1510 2133 frequentem
1533 2097 1605 2119 earn
1630 2087 1829 2122 invenimus.

390 2133 558 2165 Damnum
574 2131 753 2179 fiquidem,
780 2131 873 2178 quod
892 2145 933 2166 ex
951 2132 1135 2167 violatione
1150 2134 1353 2176 contraeas,
1378 2143 1436 2166 aut
1461 2131 1714 2176 transgreffione
1729 2132 1831 2167 senti-

390 2190 477 2220 mus,
497 2178 686 2224 juratorum
705 2181 853 2225 aequitati
873 2179 1147 2226 perpendendum
1166 2181 1381 2227 relinquitur,
1408 2179 1520 2226 quale,
1548 2189 1758 2226 quantumve
1777 2179 1830 2224 fit,

389 2229 425 2260 δε
444 2225 540 2271 juxta
557 2238 673 2261 eorum
691 2226 939 2260 aestimationem
957 2226 1068 2272 postea
1084 2227 1266 2272 judicatur.
1319 2226 1388 2260 Ubi
1404 2238 1519 2268 contra
1542 2228 1575 2260 in
1591 2227 1780 2261 actionibus
1793 2229 1830 2262 in

388 2284 457 2306 rem
476 2272 729 2320 principalibus,
755 2276 858 2316 actor,
886 2272 943 2307 nisi
964 2285 1033 2307 rem
1054 2275 1195 2319 petitam
1213 2273 1343 2315 deberi,
1369 2282 1427 2307 aut
1441 2271 1528 2308 suam
1543 2273 1608 2308 effe
1626 2273 1829 2320 probaverit,

388 2321 486 2354 caus&
507 2320 609 2355 cadit.
661 2320 753 2365 Qia
771 2332 880 2367 neque
910 2323 1093 2367 Juratores,
1121 2332 1229 2366 neque
1247 2320 1361 2367 Judex
1393 2319 1491 2355 eliam
1514 2322 1546 2354 in
1568 2322 1610 2355 iis
1629 2322 1827 2401 potestgtem

1691 2368 1730 2401 ha
1756 2377 1829 2410 ent,

2055 741 2059 747 .
2045 710 2059 731 *2
2047 664 2059 702 a,
2052 622 2059 653 .-
2049 597 2059 614 ψ,
2051 548 2059 590 ι.
2026 0 2059 541 —fflffiffliaenrffl
