<?xml version="1.0" encoding="UTF-8"?>
<!DOCTYPE html PUBLIC "-//W3C//DTD XHTML 1.0 Transitional//EN"
    "http://www.w3.org/TR/xhtml1/DTD/xhtml1-transitional.dtd">
<html xmlns="http://www.w3.org/1999/xhtml" xml:lang="en" lang="en">
 <head>
  <title>
</title>
<meta http-equiv="Content-Type" content="text/html;charset=utf-8" />
  <meta name='ocr-system' content='tesseract 3.04.00' />
  <meta name='ocr-capabilities' content='ocr_page ocr_carea ocr_par ocr_line ocrx_word'/>
</head>
<body>
  <div class='ocr_page' id='page_1' title='image "./jurisprudentiaph00eden_0312.png"; bbox 0 0 2059 2812; ppageno 0'>
   <div class='ocr_carea' id='block_1_1' title="bbox 340 133 1393 207">
    <p class='ocr_par' dir='ltr' id='par_1_1' title="bbox 340 133 1393 207">
     <span class='ocr_line' id='line_1_1' title="bbox 340 133 1393 207; baseline -0.001 -15"><span class='ocrx_word' id='word_1_1' title='bbox 340 139 453 207; x_wconf 72' lang='lat'>286-</span> <span class='ocrx_word' id='word_1_2' title='bbox 741 135 1015 189; x_wconf 53' lang='lat' dir='ltr'>Elementa</span> <span class='ocrx_word' id='word_1_3' title='bbox 1037 133 1393 202; x_wconf 56' lang='lat' dir='ltr'>Juristcivilis</span> 
     </span>
    </p>
   </div>
   <div class='ocr_carea' id='block_1_2' title="bbox 334 233 1791 927">
    <p class='ocr_par' dir='ltr' id='par_1_2' title="bbox 334 233 1788 606">
     <span class='ocr_line' id='line_1_2' title="bbox 402 233 1785 294; baseline 0.007 -20"><span class='ocrx_word' id='word_1_4' title='bbox 402 249 466 276; x_wconf 88' lang='lat'>12.</span> <span class='ocrx_word' id='word_1_5' title='bbox 494 233 732 277; x_wconf 80' lang='lat' dir='ltr'><em>Adulterium</em></span> <span class='ocrx_word' id='word_1_6' title='bbox 763 235 818 275; x_wconf 92' lang='lat' dir='ltr'>est</span> <span class='ocrx_word' id='word_1_7' title='bbox 844 234 1011 276; x_wconf 77' lang='lat' dir='ltr'>mulieris</span> <span class='ocrx_word' id='word_1_8' title='bbox 1043 235 1112 275; x_wconf 83' lang='lat' dir='ltr'>alii</span> <span class='ocrx_word' id='word_1_9' title='bbox 1141 243 1279 290; x_wconf 81' lang='lat' dir='ltr'><em>nuptae,</em></span> <span class='ocrx_word' id='word_1_10' title='bbox 1319 237 1382 277; x_wconf 83' lang='lat' dir='ltr'>vel</span> <span class='ocrx_word' id='word_1_11' title='bbox 1411 238 1585 294; x_wconf 80' lang='lat' dir='ltr'><em>desponsae</em></span> <span class='ocrx_word' id='word_1_12' title='bbox 1616 241 1785 284; x_wconf 68' lang='lat' dir='ltr'>vitiatio.⁴</span> 
     </span>
     <span class='ocr_line' id='line_1_3' title="bbox 346 296 1787 353; baseline 0.006 -15"><span class='ocrx_word' id='word_1_13' title='bbox 346 296 541 351; x_wconf 88' lang='lat' dir='ltr'>Adeoque</span> <span class='ocrx_word' id='word_1_14' title='bbox 569 312 615 337; x_wconf 85' lang='lat' dir='ltr'>ex</span> <span class='ocrx_word' id='word_1_15' title='bbox 642 296 844 350; x_wconf 83' lang='lat' dir='ltr'><em>principiis</em></span> <span class='ocrx_word' id='word_1_16' title='bbox 866 296 971 351; x_wconf 78' lang='lat' dir='ltr'><em>juris</em></span> <span class='ocrx_word' id='word_1_17' title='bbox 1001 298 1163 350; x_wconf 76' lang='lat' dir='ltr'>quani</span> <span class='ocrx_word' id='word_1_18' title='bbox 1194 311 1279 338; x_wconf 93' lang='lat' dir='ltr'>non</span> <span class='ocrx_word' id='word_1_19' title='bbox 1299 296 1429 339; x_wconf 88' lang='lat' dir='ltr'>solum</span> <span class='ocrx_word' id='word_1_20' title='bbox 1450 303 1628 353; x_wconf 82' lang='lat' dir='ltr'>maritus,</span> <span class='ocrx_word' id='word_1_21' title='bbox 1655 303 1722 344; x_wconf 88' lang='lat' dir='ltr'>sed</span> <span class='ocrx_word' id='word_1_22' title='bbox 1750 309 1787 346; x_wconf 85' lang='lat'>&amp;</span> 
     </span>
     <span class='ocr_line' id='line_1_4' title="bbox 341 359 1786 416; baseline 0.005 -15"><span class='ocrx_word' id='word_1_23' title='bbox 341 360 508 408; x_wconf 77' lang='lat' dir='ltr'>coelebs,</span> <span class='ocrx_word' id='word_1_24' title='bbox 537 360 606 413; x_wconf 90' lang='lat' dir='ltr'>qui</span> <span class='ocrx_word' id='word_1_25' title='bbox 636 360 807 400; x_wconf 86' lang='lat' dir='ltr'>alienam</span> <span class='ocrx_word' id='word_1_26' title='bbox 831 359 1075 415; x_wconf 79' lang='lat' dir='ltr'>subagitavit</span> <span class='ocrx_word' id='word_1_27' title='bbox 1104 374 1284 411; x_wconf 82' lang='lat' dir='ltr'>uxorem,</span> <span class='ocrx_word' id='word_1_28' title='bbox 1311 361 1375 402; x_wconf 86' lang='lat' dir='ltr'>vel</span> <span class='ocrx_word' id='word_1_29' title='bbox 1402 361 1598 416; x_wconf 86' lang='lat' dir='ltr'>sponsam,</span> <span class='ocrx_word' id='word_1_30' title='bbox 1632 367 1786 408; x_wconf 86' lang='lat' dir='ltr'>adulte-</span> 
     </span>
     <span class='ocr_line' id='line_1_5' title="bbox 342 422 1788 484; baseline 0.004 -20"><span class='ocrx_word' id='word_1_31' title='bbox 342 425 448 464; x_wconf 85' lang='lat' dir='ltr'>rium</span> <span class='ocrx_word' id='word_1_32' title='bbox 463 422 655 464; x_wconf 83' lang='lat' dir='ltr'>commifit</span> <span class='ocrx_word' id='word_1_33' title='bbox 668 444 679 476; x_wconf 82' lang='lat'>3</span> <span class='ocrx_word' id='word_1_34' title='bbox 692 438 772 464; x_wconf 87' lang='lat' dir='ltr'>non</span> <span class='ocrx_word' id='word_1_35' title='bbox 788 425 969 474; x_wconf 82' lang='lat' dir='ltr'>maritus,</span> <span class='ocrx_word' id='word_1_36' title='bbox 986 425 1054 478; x_wconf 90' lang='lat' dir='ltr'>qui</span> <span class='ocrx_word' id='word_1_37' title='bbox 1071 438 1159 465; x_wconf 88' lang='lat' dir='ltr'>cum</span> <span class='ocrx_word' id='word_1_38' title='bbox 1180 425 1348 478; x_wconf 85' lang='lat' dir='ltr'>innupta</span> <span class='ocrx_word' id='word_1_39' title='bbox 1363 438 1446 466; x_wconf 84' lang='lat' dir='ltr'>rem</span> <span class='ocrx_word' id='word_1_40' title='bbox 1466 425 1619 478; x_wconf 87' lang='lat' dir='ltr'>habuit,</span> <span class='ocrx_word' id='word_1_41' title='bbox 1637 431 1788 484; x_wconf 87' lang='lat' dir='ltr'>quippe</span> 
     </span>
     <span class='ocr_line' id='line_1_6' title="bbox 334 487 1787 542; baseline 0.006 -17"><span class='ocrx_word' id='word_1_42' title='bbox 334 487 456 541; x_wconf 85' lang='lat' dir='ltr'><em>stupri</em></span> <span class='ocrx_word' id='word_1_43' title='bbox 474 498 630 528; x_wconf 85' lang='lat' dir='ltr'>tantum</span> <span class='ocrx_word' id='word_1_44' title='bbox 650 501 751 528; x_wconf 86' lang='lat' dir='ltr'>reus.</span> <span class='ocrx_word' id='word_1_45' title='bbox 793 490 861 528; x_wconf 90' lang='lat' dir='ltr'>Ast</span> <span class='ocrx_word' id='word_1_46' title='bbox 881 498 928 528; x_wconf 86' lang='lat' dir='ltr'>ex</span> <span class='ocrx_word' id='word_1_47' title='bbox 939 488 1140 542; x_wconf 82' lang='lat' dir='ltr'><em>principiis</em></span> <span class='ocrx_word' id='word_1_48' title='bbox 1159 488 1265 539; x_wconf 87' lang='lat' dir='ltr'><em>Juris</em></span> <span class='ocrx_word' id='word_1_49' title='bbox 1287 489 1451 530; x_wconf 76' lang='lat' dir='ltr'>canonici</span> <span class='ocrx_word' id='word_1_50' title='bbox 1470 491 1598 532; x_wconf 84' lang='lat' dir='ltr'>omnis</span> <span class='ocrx_word' id='word_1_51' title='bbox 1616 493 1787 534; x_wconf 84' lang='lat' dir='ltr'>violatio</span> 
     </span>
     <span class='ocr_line' id='line_1_7' title="bbox 341 551 1135 606; baseline 0.003 -15"><span class='ocrx_word' id='word_1_52' title='bbox 341 551 434 591; x_wconf 88' lang='lat' dir='ltr'>fidei</span> <span class='ocrx_word' id='word_1_53' title='bbox 455 552 674 606; x_wconf 82' lang='lat' dir='ltr'>conjugalis</span> <span class='ocrx_word' id='word_1_54' title='bbox 693 551 932 592; x_wconf 79' lang='lat' dir='ltr'>adulterium</span> <span class='ocrx_word' id='word_1_55' title='bbox 951 552 1135 593; x_wconf 86' lang='lat' dir='ltr'>habetur.</span> 
     </span>
    </p>

    <p class='ocr_par' dir='ltr' id='par_1_3' title="bbox 341 614 1791 927">
     <span class='ocr_line' id='line_1_8' title="bbox 400 614 1789 672; baseline 0.007 -20"><span class='ocrx_word' id='word_1_56' title='bbox 400 630 462 664; x_wconf 82' lang='lat'>13,</span> <span class='ocrx_word' id='word_1_57' title='bbox 493 616 659 655; x_wconf 81' lang='lat' dir='ltr'><strong>Crimen</strong></span> <span class='ocrx_word' id='word_1_58' title='bbox 685 614 889 656; x_wconf 78' lang='lat' dir='ltr'>Adulterii</span> <span class='ocrx_word' id='word_1_59' title='bbox 909 622 945 658; x_wconf 67' lang='grc' dir='ltr'>ὅ(</span> <span class='ocrx_word' id='word_1_60' title='bbox 958 614 1107 669; x_wconf 84' lang='lat' dir='ltr'>publica</span> <span class='ocrx_word' id='word_1_61' title='bbox 1128 615 1339 656; x_wconf 85' lang='lat' dir='ltr'>severitate</span> <span class='ocrx_word' id='word_1_62' title='bbox 1359 630 1406 656; x_wconf 86' lang='lat' dir='ltr'>ex</span> <span class='ocrx_word' id='word_1_63' title='bbox 1426 617 1500 658; x_wconf 87' lang='lat' dir='ltr'>hac</span> <span class='ocrx_word' id='word_1_64' title='bbox 1523 617 1611 672; x_wconf 83' lang='lat' dir='ltr'>lege</span> <span class='ocrx_word' id='word_1_65' title='bbox 1630 633 1789 662; x_wconf 87' lang='lat' dir='ltr'>coerce-</span> 
     </span>
     <span class='ocr_line' id='line_1_9' title="bbox 343 677 1788 736; baseline 0.004 -18"><span class='ocrx_word' id='word_1_66' title='bbox 343 688 423 728; x_wconf 84' lang='lat' dir='ltr'>tur,</span> <span class='ocrx_word' id='word_1_67' title='bbox 449 678 684 732; x_wconf 80' lang='lat' dir='ltr'>&amp;privatim</span> <span class='ocrx_word' id='word_1_68' title='bbox 705 677 942 732; x_wconf 88' lang='lat' dir='ltr'>quibusdam</span> <span class='ocrx_word' id='word_1_69' title='bbox 961 678 1104 720; x_wconf 85' lang='lat' dir='ltr'>cafibus</span> <span class='ocrx_word' id='word_1_70' title='bbox 1129 679 1216 733; x_wconf 87' lang='lat' dir='ltr'>jure</span> <span class='ocrx_word' id='word_1_71' title='bbox 1235 680 1479 721; x_wconf 84' lang='lat' dir='ltr'>vindicatur.</span> <span class='ocrx_word' id='word_1_72' title='bbox 1537 684 1663 723; x_wconf 86' lang='lat' dir='ltr'>Poena</span> <span class='ocrx_word' id='word_1_73' title='bbox 1691 683 1788 736; x_wconf 90' lang='lat' dir='ltr'>pub-</span> 
     </span>
     <span class='ocr_line' id='line_1_10' title="bbox 341 740 1790 798; baseline 0.003 -16"><span class='ocrx_word' id='word_1_74' title='bbox 341 742 420 782; x_wconf 84' lang='lat' dir='ltr'>lica</span> <span class='ocrx_word' id='word_1_75' title='bbox 437 752 524 781; x_wconf 86' lang='lat' dir='ltr'>erat</span> <span class='ocrx_word' id='word_1_76' title='bbox 543 740 741 796; x_wconf 83' lang='lat' dir='ltr'>relegatio</span> <span class='ocrx_word' id='word_1_77' title='bbox 760 741 803 781; x_wconf 88' lang='lat' dir='ltr'>in</span> <span class='ocrx_word' id='word_1_78' title='bbox 820 742 1006 792; x_wconf 84' lang='lat' dir='ltr'>Insulam,</span> <span class='ocrx_word' id='word_1_79' title='bbox 1034 748 1066 784; x_wconf 69' lang='grc' dir='ltr'>ὃ(</span> <span class='ocrx_word' id='word_1_80' title='bbox 1082 743 1305 796; x_wconf 80' lang='lat' dir='ltr'>publicatio</span> <span class='ocrx_word' id='word_1_81' title='bbox 1324 744 1502 786; x_wconf 80' lang='lat' dir='ltr'>dimidiae</span> <span class='ocrx_word' id='word_1_82' title='bbox 1520 746 1644 798; x_wconf 83' lang='lat' dir='ltr'>partis</span> <span class='ocrx_word' id='word_1_83' title='bbox 1663 746 1790 786; x_wconf 91' lang='lat' dir='ltr'>bono-</span> 
     </span>
     <span class='ocr_line' id='line_1_11' title="bbox 342 804 1790 862; baseline 0.003 -17"><span class='ocrx_word' id='word_1_84' title='bbox 342 818 447 854; x_wconf 88' lang='lat' dir='ltr'>rum,</span> <span class='ocrx_word' id='word_1_85' title='bbox 475 815 561 846; x_wconf 89' lang='lat' dir='ltr'>tum</span> <span class='ocrx_word' id='word_1_86' title='bbox 584 804 786 854; x_wconf 86' lang='lat' dir='ltr'>Adulteri‚</span> <span class='ocrx_word' id='word_1_87' title='bbox 816 817 903 846; x_wconf 85' lang='lat' dir='ltr'>tum</span> <span class='ocrx_word' id='word_1_88' title='bbox 925 806 1145 857; x_wconf 69' lang='lat' dir='ltr'>Adusterae,</span> <span class='ocrx_word' id='word_1_89' title='bbox 1191 813 1226 849; x_wconf 73' lang='grc' dir='ltr'>ὅ(</span> <span class='ocrx_word' id='word_1_90' title='bbox 1245 807 1361 862; x_wconf 85' lang='lat' dir='ltr'>hujus</span> <span class='ocrx_word' id='word_1_91' title='bbox 1381 808 1495 849; x_wconf 86' lang='lat' dir='ltr'>fimul</span> <span class='ocrx_word' id='word_1_92' title='bbox 1520 808 1698 853; x_wconf 83' lang='lat' dir='ltr'>dimidiae</span> <span class='ocrx_word' id='word_1_93' title='bbox 1718 809 1790 850; x_wconf 86' lang='lat' dir='ltr'>do·</span> 
     </span>
     <span class='ocr_line' id='line_1_12' title="bbox 343 869 1791 927; baseline 0.003 -17"><span class='ocrx_word' id='word_1_94' title='bbox 343 871 409 911; x_wconf 84' lang='lat' dir='ltr'>tis.</span> <span class='ocrx_word' id='word_1_95' title='bbox 468 871 606 910; x_wconf 86' lang='lat' dir='ltr'>Postea</span> <span class='ocrx_word' id='word_1_96' title='bbox 641 869 891 924; x_wconf 63' lang='lat' dir='ltr'>Constantinus</span> <span class='ocrx_word' id='word_1_97' title='bbox 909 871 1094 924; x_wconf 67' lang='lat' dir='ltr'>,capitale</span> <span class='ocrx_word' id='word_1_98' title='bbox 1127 872 1205 912; x_wconf 83' lang='lat' dir='ltr'>esse</span> <span class='ocrx_word' id='word_1_99' title='bbox 1236 873 1338 927; x_wconf 86' lang='lat' dir='ltr'>juffit</span> <span class='ocrx_word' id='word_1_100' title='bbox 1359 874 1616 915; x_wconf 82' lang='lat' dir='ltr'>adulterium.</span> <span class='ocrx_word' id='word_1_101' title='bbox 1677 873 1791 927; x_wconf 75' lang='lat' dir='ltr'><em>Justi-</em></span> 
     </span>
    </p>
   </div>
   <div class='ocr_carea' id='block_1_3' title="bbox 345 980 780 1027">
    <p class='ocr_par' dir='ltr' id='par_1_4' title="bbox 345 980 780 1027">
     <span class='ocr_line' id='line_1_13' title="bbox 345 980 780 1027; baseline 0 -13"><span class='ocrx_word' id='word_1_102' title='bbox 345 981 465 1014; x_wconf 85' lang='lat' dir='ltr'>Horat.</span> <span class='ocrx_word' id='word_1_103' title='bbox 483 980 552 1014; x_wconf 85' lang='lat' dir='ltr'>Sat.</span> <span class='ocrx_word' id='word_1_104' title='bbox 570 980 598 1014; x_wconf 86' lang='grc' dir='ltr'>Ι.</span> <span class='ocrx_word' id='word_1_105' title='bbox 620 991 653 1014; x_wconf 90' lang='lat'>2.</span> <span class='ocrx_word' id='word_1_106' title='bbox 675 992 705 1015; x_wconf 82' lang='lat' dir='ltr'>v.</span> <span class='ocrx_word' id='word_1_107' title='bbox 726 985 780 1027; x_wconf 86' lang='lat'>36.</span> 
     </span>
    </p>
   </div>
   <div class='ocr_carea' id='block_1_4' title="bbox 1032 1049 1162 1057">
    <p class='ocr_par' dir='ltr' id='par_1_5' title="bbox 1032 1049 1162 1057">
     <span class='ocr_line' id='line_1_14' title="bbox 1032 1049 1162 1057; baseline 0 0"><span class='ocrx_word' id='word_1_108' title='bbox 1032 1049 1162 1057; x_wconf 95' lang='lat' dir='ltr'> </span> 
     </span>
    </p>
   </div>
   <div class='ocr_carea' id='block_1_5' title="bbox 1163 1028 1380 1078">
    <p class='ocr_par' dir='ltr' id='par_1_6' title="bbox 1163 1028 1380 1078">
     <span class='ocr_line' id='line_1_15' title="bbox 1163 1028 1380 1078; baseline 0.005 -16"><span class='ocrx_word' id='word_1_109' title='bbox 1163 1028 1258 1078; x_wconf 72' lang='lat' dir='ltr'>‚Qd</span> <span class='ocrx_word' id='word_1_110' title='bbox 1284 1030 1380 1064; x_wconf 61' lang='lat' dir='ltr'>imer-</span> 
     </span>
    </p>
   </div>
   <div class='ocr_carea' id='block_1_6' title="bbox 343 1074 1538 1169">
    <p class='ocr_par' dir='ltr' id='par_1_7' title="bbox 343 1074 1538 1169">
     <span class='ocr_line' id='line_1_16' title="bbox 677 1074 1538 1122; baseline 0.005 -13"><span class='ocrx_word' id='word_1_111' title='bbox 677 1074 730 1120; x_wconf 84' lang='lat' dir='ltr'>Est</span> <span class='ocrx_word' id='word_1_112' title='bbox 753 1077 784 1109; x_wconf 79' lang='lat' dir='ltr'>in</span> <span class='ocrx_word' id='word_1_113' title='bbox 811 1083 963 1120; x_wconf 79' lang='lat' dir='ltr'>matrona,</span> <span class='ocrx_word' id='word_1_114' title='bbox 990 1078 1110 1119; x_wconf 79' lang='lat' dir='ltr'>ancilla,</span> <span class='ocrx_word' id='word_1_115' title='bbox 1141 1075 1279 1122; x_wconf 83' lang='lat' dir='ltr'><em>peccesne</em></span> <span class='ocrx_word' id='word_1_116' title='bbox 1305 1077 1369 1112; x_wconf 90' lang='lat' dir='ltr'>To</span> <span class='ocrx_word' id='word_1_117' title='bbox 1380 1077 1447 1112; x_wconf 86' lang='lat' dir='ltr'>GA</span> <span class='ocrx_word' id='word_1_118' title='bbox 1455 1076 1489 1113; x_wconf 86' lang='lat' dir='ltr'><em>T</em></span> <span class='ocrx_word' id='word_1_119' title='bbox 1483 1079 1515 1113; x_wconf 91' lang='lat' dir='ltr'><em>A</em></span> <span class='ocrx_word' id='word_1_120' title='bbox 1523 1082 1538 1113; x_wconf 73' lang='grc' dir='ltr'><strong><em>ἓ</em></strong></span> 
     </span>
     <span class='ocr_line' id='line_1_17' title="bbox 343 1119 761 1169; baseline -0.005 -12"><span class='ocrx_word' id='word_1_121' title='bbox 343 1119 492 1157; x_wconf 85' lang='lat' dir='ltr'>Martial.</span> <span class='ocrx_word' id='word_1_122' title='bbox 515 1121 612 1169; x_wconf 87' lang='lat' dir='ltr'>Epig.</span> <span class='ocrx_word' id='word_1_123' title='bbox 634 1122 680 1156; x_wconf 85' lang='lat'>11.</span> <span class='ocrx_word' id='word_1_124' title='bbox 707 1134 761 1167; x_wconf 84' lang='lat'>39.</span> 
     </span>
    </p>
   </div>
   <div class='ocr_carea' id='block_1_7' title="bbox 338 1167 1793 1500">
    <p class='ocr_par' dir='ltr' id='par_1_8' title="bbox 338 1167 1793 1500">
     <span class='ocr_line' id='line_1_18' title="bbox 678 1167 1460 1213; baseline 0 -9"><span class='ocrx_word' id='word_1_125' title='bbox 678 1170 809 1204; x_wconf 75' lang='lat' dir='ltr'>Coccina</span> <span class='ocrx_word' id='word_1_126' title='bbox 825 1167 947 1212; x_wconf 66' lang='lat' dir='ltr'>famosk</span> <span class='ocrx_word' id='word_1_127' title='bbox 972 1170 1078 1213; x_wconf 77' lang='lat' dir='ltr'>donas,</span> <span class='ocrx_word' id='word_1_128' title='bbox 1103 1169 1141 1204; x_wconf 59' lang='grc' dir='ltr'><em>Θ</em></span> <span class='ocrx_word' id='word_1_129' title='bbox 1160 1170 1297 1203; x_wconf 74' lang='lat' dir='ltr'>ianthina</span> <span class='ocrx_word' id='word_1_130' title='bbox 1324 1171 1460 1211; x_wconf 75' lang='lat' dir='ltr'>maechae3</span> 
     </span>
     <span class='ocr_line' id='line_1_19' title="bbox 729 1215 1638 1261; baseline 0.007 -12"><span class='ocrx_word' id='word_1_131' title='bbox 729 1215 782 1250; x_wconf 80' lang='lat' dir='ltr'>Vis</span> <span class='ocrx_word' id='word_1_132' title='bbox 806 1216 879 1249; x_wconf 75' lang='lat' dir='ltr'>dare</span> <span class='ocrx_word' id='word_1_133' title='bbox 904 1228 966 1261; x_wconf 77' lang='lat' dir='ltr'>quae</span> <span class='ocrx_word' id='word_1_134' title='bbox 993 1218 1104 1251; x_wconf 78' lang='lat' dir='ltr'>meruit</span> <span class='ocrx_word' id='word_1_135' title='bbox 1129 1220 1280 1252; x_wconf 83' lang='lat' dir='ltr'>munera?</span> <span class='ocrx_word' id='word_1_136' title='bbox 1307 1217 1407 1251; x_wconf 83' lang='lat' dir='ltr'>Mitte</span> <span class='ocrx_word' id='word_1_137' title='bbox 1431 1219 1463 1253; x_wconf 91' lang='lat' dir='ltr'><em>T</em></span> <span class='ocrx_word' id='word_1_138' title='bbox 1466 1219 1573 1254; x_wconf 84' lang='lat' dir='ltr'>OGA</span> <span class='ocrx_word' id='word_1_139' title='bbox 1581 1219 1638 1255; x_wconf 87' lang='lat' dir='ltr'>M.</span> 
     </span>
     <span class='ocr_line' id='line_1_20' title="bbox 391 1260 1789 1311; baseline 0.004 -14"><span class='ocrx_word' id='word_1_140' title='bbox 391 1261 563 1297; x_wconf 75' lang='lat' dir='ltr'>Gliscente</span> <span class='ocrx_word' id='word_1_141' title='bbox 579 1272 660 1297; x_wconf 85' lang='lat' dir='ltr'>vero</span> <span class='ocrx_word' id='word_1_142' title='bbox 678 1262 780 1304; x_wconf 86' lang='lat' dir='ltr'>malo,</span> <span class='ocrx_word' id='word_1_143' title='bbox 804 1262 837 1298; x_wconf 89' lang='lat'>&amp;</span> <span class='ocrx_word' id='word_1_144' title='bbox 854 1260 1006 1296; x_wconf 85' lang='lat' dir='ltr'>foeminis</span> <span class='ocrx_word' id='word_1_145' title='bbox 1023 1265 1129 1299; x_wconf 85' lang='lat' dir='ltr'>etiam</span> <span class='ocrx_word' id='word_1_146' title='bbox 1153 1262 1340 1299; x_wconf 80' lang='lat' dir='ltr'>illustribus</span> <span class='ocrx_word' id='word_1_147' title='bbox 1368 1264 1510 1311; x_wconf 83' lang='lat' dir='ltr'>quaestus</span> <span class='ocrx_word' id='word_1_148' title='bbox 1534 1265 1625 1301; x_wconf 86' lang='lat' dir='ltr'>illius</span> <span class='ocrx_word' id='word_1_149' title='bbox 1648 1264 1789 1302; x_wconf 85' lang='lat' dir='ltr'>foedita-</span> 
     </span>
     <span class='ocr_line' id='line_1_21' title="bbox 344 1307 1793 1358; baseline 0.003 -15"><span class='ocrx_word' id='word_1_150' title='bbox 344 1319 415 1344; x_wconf 83' lang='lat' dir='ltr'>tem</span> <span class='ocrx_word' id='word_1_151' title='bbox 434 1307 597 1356; x_wconf 81' lang='lat' dir='ltr'>profeffis,</span> <span class='ocrx_word' id='word_1_152' title='bbox 623 1308 906 1344; x_wconf 79' lang='lat' dir='ltr'>senatusconsulto</span> <span class='ocrx_word' id='word_1_153' title='bbox 932 1311 1020 1345; x_wconf 86' lang='lat' dir='ltr'>cavit</span> <span class='ocrx_word' id='word_1_154' title='bbox 1036 1313 1181 1354; x_wconf 79' lang='lat' dir='ltr'>Tiberius,</span> <span class='ocrx_word' id='word_1_155' title='bbox 1207 1323 1244 1345; x_wconf 81' lang='lat' dir='ltr'>ne</span> <span class='ocrx_word' id='word_1_156' title='bbox 1269 1310 1404 1357; x_wconf 64' lang='lat' dir='ltr'>quaestum</span> <span class='ocrx_word' id='word_1_157' title='bbox 1430 1323 1545 1357; x_wconf 84' lang='lat' dir='ltr'>corpore</span> <span class='ocrx_word' id='word_1_158' title='bbox 1567 1312 1688 1358; x_wconf 81' lang='lat' dir='ltr'>faceret</span> <span class='ocrx_word' id='word_1_159' title='bbox 1707 1317 1793 1358; x_wconf 79' lang='lat' dir='ltr'><em>cujus</em></span> 
     </span>
     <span class='ocr_line' id='line_1_22' title="bbox 338 1357 1789 1408; baseline 0.003 -16"><span class='ocrx_word' id='word_1_160' title='bbox 338 1366 446 1403; x_wconf 84' lang='lat' dir='ltr'><em>pater,</em></span> <span class='ocrx_word' id='word_1_161' title='bbox 469 1366 526 1391; x_wconf 81' lang='lat' dir='ltr'>aut</span> <span class='ocrx_word' id='word_1_162' title='bbox 555 1359 683 1392; x_wconf 81' lang='lat' dir='ltr'>maritus</span> <span class='ocrx_word' id='word_1_163' title='bbox 711 1370 801 1403; x_wconf 83' lang='lat' dir='ltr'>eques</span> <span class='ocrx_word' id='word_1_164' title='bbox 827 1357 978 1393; x_wconf 81' lang='lat' dir='ltr'>Romanus</span> <span class='ocrx_word' id='word_1_165' title='bbox 999 1357 1113 1404; x_wconf 84' lang='lat' dir='ltr'>fuisset.</span> <span class='ocrx_word' id='word_1_166' title='bbox 1166 1359 1282 1393; x_wconf 84' lang='lat' dir='ltr'>Tacit.</span> <span class='ocrx_word' id='word_1_167' title='bbox 1308 1358 1427 1393; x_wconf 88' lang='lat' dir='ltr'>Annal.</span> <span class='ocrx_word' id='word_1_168' title='bbox 1446 1360 1492 1394; x_wconf 89' lang='grc' dir='ltr'>ΙΙ.</span> <span class='ocrx_word' id='word_1_169' title='bbox 1515 1361 1569 1406; x_wconf 89' lang='lat'>85.</span> <span class='ocrx_word' id='word_1_170' title='bbox 1623 1361 1720 1408; x_wconf 86' lang='lat' dir='ltr'>Qin</span> <span class='ocrx_word' id='word_1_171' title='bbox 1750 1366 1789 1397; x_wconf 87' lang='lat'>&amp;</span> 
     </span>
     <span class='ocr_line' id='line_1_23' title="bbox 343 1402 1791 1456; baseline 0.003 -18"><span class='ocrx_word' id='word_1_172' title='bbox 343 1404 498 1439; x_wconf 84' lang='lat' dir='ltr'>foeminas</span> <span class='ocrx_word' id='word_1_173' title='bbox 522 1402 662 1439; x_wconf 86' lang='lat' dir='ltr'>famosas</span> <span class='ocrx_word' id='word_1_174' title='bbox 687 1416 762 1451; x_wconf 88' lang='lat' dir='ltr'>quae</span> <span class='ocrx_word' id='word_1_175' title='bbox 792 1403 835 1439; x_wconf 90' lang='lat' dir='ltr'>ad</span> <span class='ocrx_word' id='word_1_176' title='bbox 865 1405 1038 1440; x_wconf 83' lang='lat' dir='ltr'>evitandas</span> <span class='ocrx_word' id='word_1_177' title='bbox 1067 1406 1180 1450; x_wconf 85' lang='lat' dir='ltr'>legum</span> <span class='ocrx_word' id='word_1_178' title='bbox 1204 1405 1372 1452; x_wconf 84' lang='lat' dir='ltr'>Juliarum</span> <span class='ocrx_word' id='word_1_179' title='bbox 1397 1418 1514 1453; x_wconf 87' lang='lat' dir='ltr'>poenas</span> <span class='ocrx_word' id='word_1_180' title='bbox 1541 1409 1677 1442; x_wconf 83' lang='lat' dir='ltr'>uomina</span> <span class='ocrx_word' id='word_1_181' title='bbox 1700 1408 1791 1456; x_wconf 88' lang='lat' dir='ltr'>apud</span> 
     </span>
     <span class='ocr_line' id='line_1_24' title="bbox 344 1449 1790 1500; baseline 0.002 -13"><span class='ocrx_word' id='word_1_182' title='bbox 344 1450 477 1488; x_wconf 81' lang='lat' dir='ltr'>AEdiles</span> <span class='ocrx_word' id='word_1_183' title='bbox 494 1449 624 1486; x_wconf 84' lang='lat' dir='ltr'>fuerant</span> <span class='ocrx_word' id='word_1_184' title='bbox 639 1449 802 1498; x_wconf 67' lang='lat' dir='ltr'>professae,</span> <span class='ocrx_word' id='word_1_185' title='bbox 827 1451 932 1487; x_wconf 85' lang='lat' dir='ltr'>exilio</span> <span class='ocrx_word' id='word_1_186' title='bbox 948 1451 1075 1488; x_wconf 84' lang='lat' dir='ltr'>adfecit</span> <span class='ocrx_word' id='word_1_187' title='bbox 1093 1453 1185 1487; x_wconf 87' lang='lat' dir='ltr'>idem</span> <span class='ocrx_word' id='word_1_188' title='bbox 1198 1454 1790 1500; x_wconf 77' lang='lat' dir='ltr'>Imperator.——Suet.Tib.xxxv.</span> 
     </span>
    </p>
   </div>
   <div class='ocr_carea' id='block_1_8' title="bbox 341 1499 1793 1595">
    <p class='ocr_par' dir='ltr' id='par_1_9' title="bbox 341 1499 1793 1595">
     <span class='ocr_line' id='line_1_25' title="bbox 341 1499 1793 1548; baseline 0.004 -16"><span class='ocrx_word' id='word_1_189' title='bbox 341 1499 546 1542; x_wconf 77' lang='lat' dir='ltr'>——Qare</span> <span class='ocrx_word' id='word_1_190' title='bbox 569 1500 732 1544; x_wconf 84' lang='lat' dir='ltr'><em>Papiniani</em></span> <span class='ocrx_word' id='word_1_191' title='bbox 749 1500 851 1534; x_wconf 86' lang='lat' dir='ltr'>etiarn</span> <span class='ocrx_word' id='word_1_192' title='bbox 869 1510 1023 1546; x_wconf 88' lang='lat' dir='ltr'>tempore</span> <span class='ocrx_word' id='word_1_193' title='bbox 1041 1501 1178 1541; x_wconf 81' lang='lat' dir='ltr'>mulier,</span> <span class='ocrx_word' id='word_1_194' title='bbox 1203 1512 1277 1548; x_wconf 83' lang='lat' dir='ltr'>quae</span> <span class='ocrx_word' id='word_1_195' title='bbox 1299 1500 1465 1536; x_wconf 65' lang='lat' dir='ltr'>evitandae</span> <span class='ocrx_word' id='word_1_196' title='bbox 1493 1514 1602 1548; x_wconf 80' lang='lat' dir='ltr'>poenae</span> <span class='ocrx_word' id='word_1_197' title='bbox 1625 1502 1793 1538; x_wconf 81' lang='lat' dir='ltr'>adulterii</span> 
     </span>
     <span class='ocr_line' id='line_1_26' title="bbox 343 1545 1594 1595; baseline -0.001 -12"><span class='ocrx_word' id='word_1_198' title='bbox 343 1545 442 1583; x_wconf 87' lang='lat' dir='ltr'>causa</span> <span class='ocrx_word' id='word_1_199' title='bbox 460 1547 668 1581; x_wconf 85' lang='lat' dir='ltr'>lenocinium</span> <span class='ocrx_word' id='word_1_200' title='bbox 684 1545 822 1590; x_wconf 85' lang='lat' dir='ltr'>fecerat,</span> <span class='ocrx_word' id='word_1_201' title='bbox 847 1546 1012 1582; x_wconf 82' lang='lat' dir='ltr'>adulterii</span> <span class='ocrx_word' id='word_1_202' title='bbox 1029 1546 1189 1589; x_wconf 82' lang='lat' dir='ltr'>accusari,</span> <span class='ocrx_word' id='word_1_203' title='bbox 1215 1546 1436 1594; x_wconf 82' lang='lat' dir='ltr'>damnarique</span> <span class='ocrx_word' id='word_1_204' title='bbox 1449 1558 1594 1595; x_wconf 84' lang='lat' dir='ltr'>poterat.</span> 
     </span>
    </p>
   </div>
   <div class='ocr_carea' id='block_1_9' title="bbox 344 1608 1794 1850">
    <p class='ocr_par' dir='ltr' id='par_1_10' title="bbox 344 1608 1794 1850">
     <span class='ocr_line' id='line_1_27' title="bbox 392 1608 1788 1660; baseline 0.002 -15"><span class='ocrx_word' id='word_1_205' title='bbox 392 1609 573 1653; x_wconf 82' lang='lat' dir='ltr'>Relegatio</span> <span class='ocrx_word' id='word_1_206' title='bbox 598 1611 633 1644; x_wconf 88' lang='lat' dir='ltr'>in</span> <span class='ocrx_word' id='word_1_207' title='bbox 652 1608 831 1655; x_wconf 83' lang='lat' dir='ltr'>Insulam‚]</span> <span class='ocrx_word' id='word_1_208' title='bbox 870 1611 928 1642; x_wconf 88' lang='lat' dir='ltr'>Sic</span> <span class='ocrx_word' id='word_1_209' title='bbox 956 1614 991 1643; x_wconf 86' lang='lat' dir='ltr'>in</span> <span class='ocrx_word' id='word_1_210' title='bbox 1013 1611 1158 1644; x_wconf 83' lang='lat' dir='ltr'>Insulam</span> <span class='ocrx_word' id='word_1_211' title='bbox 1176 1610 1217 1645; x_wconf 89' lang='lat' dir='ltr'>ab</span> <span class='ocrx_word' id='word_1_212' title='bbox 1233 1610 1306 1655; x_wconf 87' lang='lat' dir='ltr'>ipso</span> <span class='ocrx_word' id='word_1_213' title='bbox 1324 1612 1469 1655; x_wconf 87' lang='lat' dir='ltr'>Augusto</span> <span class='ocrx_word' id='word_1_214' title='bbox 1490 1612 1648 1657; x_wconf 80' lang='lat' dir='ltr'>relegatae</span> <span class='ocrx_word' id='word_1_215' title='bbox 1674 1612 1788 1660; x_wconf 87' lang='lat' dir='ltr'>Juliae.</span> 
     </span>
     <span class='ocr_line' id='line_1_28' title="bbox 344 1656 1794 1706; baseline 0.003 -15"><span class='ocrx_word' id='word_1_216' title='bbox 344 1658 439 1692; x_wconf 90' lang='lat' dir='ltr'>Suet.</span> <span class='ocrx_word' id='word_1_217' title='bbox 458 1658 536 1691; x_wconf 64' lang='lat' dir='ltr'>Oet.</span> <span class='ocrx_word' id='word_1_218' title='bbox 556 1656 871 1691; x_wconf 88' lang='lat' dir='ltr'>LXV.—-Tacit.</span> <span class='ocrx_word' id='word_1_219' title='bbox 891 1656 1098 1691; x_wconf 81' lang='lat' dir='ltr'>Annal.111.</span> <span class='ocrx_word' id='word_1_220' title='bbox 1126 1669 1183 1703; x_wconf 82' lang='lat'>24.</span> <span class='ocrx_word' id='word_1_221' title='bbox 1237 1657 1387 1692; x_wconf 84' lang='lat' dir='ltr'>Eandem</span> <span class='ocrx_word' id='word_1_222' title='bbox 1414 1671 1549 1706; x_wconf 85' lang='lat' dir='ltr'>poenam</span> <span class='ocrx_word' id='word_1_223' title='bbox 1578 1658 1637 1694; x_wconf 91' lang='lat' dir='ltr'>sub</span> <span class='ocrx_word' id='word_1_224' title='bbox 1671 1661 1794 1695; x_wconf 80' lang='lat' dir='ltr'>Tiberio</span> 
     </span>
     <span class='ocr_line' id='line_1_29' title="bbox 346 1702 1790 1753; baseline 0.003 -15"><span class='ocrx_word' id='word_1_225' title='bbox 346 1704 425 1739; x_wconf 81' lang='lat' dir='ltr'>tulit</span> <span class='ocrx_word' id='word_1_226' title='bbox 442 1703 772 1747; x_wconf 73' lang='lat' dir='ltr'>Wstilia.--Tacit.</span> <span class='ocrx_word' id='word_1_227' title='bbox 791 1702 912 1738; x_wconf 71' lang='lat' dir='ltr'>Annal.</span> <span class='ocrx_word' id='word_1_228' title='bbox 934 1705 980 1737; x_wconf 88' lang='lat'>11.</span> <span class='ocrx_word' id='word_1_229' title='bbox 1003 1705 1252 1749; x_wconf 82' lang='lat' dir='ltr'>85.—Atque</span> <span class='ocrx_word' id='word_1_230' title='bbox 1269 1706 1315 1739; x_wconf 85' lang='lat' dir='ltr'>illo</span> <span class='ocrx_word' id='word_1_231' title='bbox 1331 1708 1532 1749; x_wconf 69' lang='lat' dir='ltr'>praetendente</span> <span class='ocrx_word' id='word_1_232' title='bbox 1543 1706 1709 1753; x_wconf 83' lang='lat' dir='ltr'>sexaginta</span> <span class='ocrx_word' id='word_1_233' title='bbox 1727 1709 1790 1743; x_wconf 82' lang='lat' dir='ltr'>dies</span> 
     </span>
     <span class='ocr_line' id='line_1_30' title="bbox 345 1750 1793 1801; baseline 0.002 -15"><span class='ocrx_word' id='word_1_234' title='bbox 345 1753 387 1786; x_wconf 78' lang='lat' dir='ltr'>ad</span> <span class='ocrx_word' id='word_1_235' title='bbox 403 1750 630 1796; x_wconf 72' lang='lat' dir='ltr'>conficltandum</span> <span class='ocrx_word' id='word_1_236' title='bbox 647 1751 733 1785; x_wconf 84' lang='lat' dir='ltr'><em>datos</em></span> <span class='ocrx_word' id='word_1_237' title='bbox 749 1752 875 1785; x_wconf 83' lang='lat' dir='ltr'><em>necdum</em></span> <span class='ocrx_word' id='word_1_238' title='bbox 892 1751 1059 1796; x_wconf 46' lang='lat' dir='ltr'>prseteriffe,</span> <span class='ocrx_word' id='word_1_239' title='bbox 1079 1751 1159 1798; x_wconf 71' lang='lat' dir='ltr'>finis</span> <span class='ocrx_word' id='word_1_240' title='bbox 1174 1751 1270 1798; x_wconf 71' lang='lat' dir='ltr'>visum</span> <span class='ocrx_word' id='word_1_241' title='bbox 1286 1753 1322 1788; x_wconf 82' lang='lat' dir='ltr'>de</span> <span class='ocrx_word' id='word_1_242' title='bbox 1330 1752 1448 1798; x_wconf 74' lang='lat' dir='ltr'>Vistilia</span> <span class='ocrx_word' id='word_1_243' title='bbox 1464 1753 1599 1801; x_wconf 84' lang='lat' dir='ltr'>statuere</span> <span class='ocrx_word' id='word_1_244' title='bbox 1613 1769 1623 1788; x_wconf 89' lang='lat'>.·</span> <span class='ocrx_word' id='word_1_245' title='bbox 1650 1766 1745 1800; x_wconf 84' lang='lat' dir='ltr'>eaque</span> <span class='ocrx_word' id='word_1_246' title='bbox 1761 1757 1793 1790; x_wconf 75' lang='lat' dir='ltr'>in</span> 
     </span>
     <span class='ocr_line' id='line_1_31' title="bbox 346 1798 1793 1850; baseline 0.003 -17"><span class='ocrx_word' id='word_1_247' title='bbox 346 1798 476 1845; x_wconf 77' lang='lat' dir='ltr'>insulam</span> <span class='ocrx_word' id='word_1_248' title='bbox 491 1799 634 1844; x_wconf 80' lang='lat' dir='ltr'><em>Seriphon</em></span> <span class='ocrx_word' id='word_1_249' title='bbox 649 1799 753 1833; x_wconf 86' lang='lat' dir='ltr'>abdita</span> <span class='ocrx_word' id='word_1_250' title='bbox 768 1798 1010 1844; x_wconf 84' lang='lat' dir='ltr'>est.——-Aliud</span> <span class='ocrx_word' id='word_1_251' title='bbox 1027 1798 1222 1846; x_wconf 86' lang='lat' dir='ltr'>exemplum</span> <span class='ocrx_word' id='word_1_252' title='bbox 1236 1800 1281 1836; x_wconf 89' lang='lat' dir='ltr'>est</span> <span class='ocrx_word' id='word_1_253' title='bbox 1298 1799 1387 1847; x_wconf 88' lang='lat' dir='ltr'>apud</span> <span class='ocrx_word' id='word_1_254' title='bbox 1401 1802 1536 1837; x_wconf 77' lang='lat' dir='ltr'><em>Plinium</em></span> <span class='ocrx_word' id='word_1_255' title='bbox 1552 1801 1723 1848; x_wconf 69' lang='lat' dir='ltr'>EpistNl.</span> <span class='ocrx_word' id='word_1_256' title='bbox 1739 1814 1793 1850; x_wconf 62' lang='lat'>31⁴</span> 
     </span>
    </p>
   </div>
   <div class='ocr_carea' id='block_1_10' title="bbox 346 1857 1785 1951">
    <p class='ocr_par' dir='ltr' id='par_1_11' title="bbox 346 1857 1785 1951">
     <span class='ocr_line' id='line_1_32' title="bbox 346 1857 1785 1943; baseline 0 -47"><span class='ocrx_word' id='word_1_257' title='bbox 346 1908 367 1943; x_wconf 78' lang='lat' dir='ltr'>S</span> <span class='ocrx_word' id='word_1_258' title='bbox 394 1864 439 1896; x_wconf 87' lang='lat' dir='ltr'>Et</span> <span class='ocrx_word' id='word_1_259' title='bbox 467 1859 568 1941; x_wconf 52' lang='lat' dir='ltr'>{injus</span> <span class='ocrx_word' id='word_1_260' title='bbox 593 1857 687 1896; x_wconf 87' lang='lat' dir='ltr'>fimul</span> <span class='ocrx_word' id='word_1_261' title='bbox 709 1859 863 1896; x_wconf 82' lang='lat' dir='ltr'>dimidiae</span> <span class='ocrx_word' id='word_1_262' title='bbox 880 1859 1007 1907; x_wconf 88' lang='lat' dir='ltr'>dotis.]</span> <span class='ocrx_word' id='word_1_263' title='bbox 1049 1862 1100 1896; x_wconf 85' lang='lat' dir='ltr'>De</span> <span class='ocrx_word' id='word_1_264' title='bbox 1116 1860 1209 1897; x_wconf 81' lang='lat' dir='ltr'>dotis</span> <span class='ocrx_word' id='word_1_265' title='bbox 1227 1872 1321 1912; x_wconf 82' lang='lat' dir='ltr'>parte</span> <span class='ocrx_word' id='word_1_266' title='bbox 1336 1862 1505 1898; x_wconf 86' lang='lat' dir='ltr'>Adulteris</span> <span class='ocrx_word' id='word_1_267' title='bbox 1526 1873 1644 1910; x_wconf 85' lang='lat' dir='ltr'>erepta</span> <span class='ocrx_word' id='word_1_268' title='bbox 1663 1864 1785 1898; x_wconf 83' lang='lat' dir='ltr'>Horat.</span> 
     </span>
     <span class='ocr_line' id='line_1_33' title="bbox 371 1918 697 1951; baseline 0 -8"><span class='ocrx_word' id='word_1_269' title='bbox 371 1919 452 1944; x_wconf 86' lang='lat' dir='ltr'>erm.</span> <span class='ocrx_word' id='word_1_270' title='bbox 484 1933 492 1940; x_wconf 90' lang='lat'><strong><em>.</em></strong></span> <span class='ocrx_word' id='word_1_271' title='bbox 510 1919 544 1942; x_wconf 87' lang='lat'>2.</span> <span class='ocrx_word' id='word_1_272' title='bbox 571 1919 601 1942; x_wconf 92' lang='lat' dir='ltr'>v.</span> <span class='ocrx_word' id='word_1_273' title='bbox 621 1918 697 1951; x_wconf 85' lang='lat'>129.</span> 
     </span>
    </p>
   </div>
   <div class='ocr_carea' id='block_1_11' title="bbox 917 1975 1045 1982">
    <p class='ocr_par' dir='ltr' id='par_1_12' title="bbox 917 1975 1045 1982">
     <span class='ocr_line' id='line_1_34' title="bbox 917 1975 1045 1982; baseline 0 830"><span class='ocrx_word' id='word_1_274' title='bbox 917 1975 1045 1982; x_wconf 95' lang='lat' dir='ltr'> </span> 
     </span>
    </p>
   </div>
   <div class='ocr_carea' id='block_1_12' title="bbox 347 1956 1791 2382">
    <p class='ocr_par' dir='ltr' id='par_1_13' title="bbox 1055 1956 1345 2002">
     <span class='ocr_line' id='line_1_35' title="bbox 1055 1956 1345 2002; baseline 0.003 -12"><span class='ocrx_word' id='word_1_275' title='bbox 1055 1956 1109 1991; x_wconf 84' lang='lat' dir='ltr'>Vel</span> <span class='ocrx_word' id='word_1_276' title='bbox 1126 1958 1248 2002; x_wconf 76' lang='lat' dir='ltr'>pallida</span> <span class='ocrx_word' id='word_1_277' title='bbox 1273 1958 1345 1991; x_wconf 68' lang='lat' dir='ltr'>leae</span> 
     </span>
    </p>

    <p class='ocr_par' dir='ltr' id='par_1_14' title="bbox 681 2002 1454 2050">
     <span class='ocr_line' id='line_1_36' title="bbox 681 2002 1454 2050; baseline 0.004 -14"><span class='ocrx_word' id='word_1_278' title='bbox 681 2002 811 2049; x_wconf 78' lang='lat' dir='ltr'>Defiliat</span> <span class='ocrx_word' id='word_1_279' title='bbox 834 2003 954 2046; x_wconf 81' lang='lat' dir='ltr'>mulier,</span> <span class='ocrx_word' id='word_1_280' title='bbox 978 2002 1118 2049; x_wconf 82' lang='lat' dir='ltr'><em>miseram</em></span> <span class='ocrx_word' id='word_1_281' title='bbox 1133 2003 1169 2049; x_wconf 70' lang='lat' dir='ltr'>fi’</span> <span class='ocrx_word' id='word_1_282' title='bbox 1193 2003 1306 2050; x_wconf 82' lang='lat' dir='ltr'>conscia</span> <span class='ocrx_word' id='word_1_283' title='bbox 1331 2006 1454 2039; x_wconf 86' lang='lat' dir='ltr'>clamet.</span> 
     </span>
    </p>

    <p class='ocr_par' dir='ltr' id='par_1_15' title="bbox 347 2051 1791 2382">
     <span class='ocr_line' id='line_1_37' title="bbox 682 2051 1480 2093; baseline 0.003 -8"><span class='ocrx_word' id='word_1_284' title='bbox 682 2051 827 2085; x_wconf 81' lang='lat' dir='ltr'><em>Cruribus</em></span> <span class='ocrx_word' id='word_1_285' title='bbox 852 2051 911 2083; x_wconf 74' lang='lat' dir='ltr'>haec</span> <span class='ocrx_word' id='word_1_286' title='bbox 935 2060 1064 2093; x_wconf 75' lang='lat' dir='ltr'>metuat,</span> <span class='ocrx_word' id='word_1_287' title='bbox 1089 2053 1204 2087; x_wconf 92' lang='lat' dir='ltr'><em>DOTI</em></span> <span class='ocrx_word' id='word_1_288' title='bbox 1223 2052 1480 2087; x_wconf 85' lang='lat' dir='ltr'><em>DEPRENSA.</em></span> 
     </span>
     <span class='ocr_line' id='line_1_38' title="bbox 347 2094 1781 2146; baseline 0 -15"><span class='ocrx_word' id='word_1_289' title='bbox 347 2095 438 2135; x_wconf 88' lang='lat' dir='ltr'>Vide</span> <span class='ocrx_word' id='word_1_290' title='bbox 456 2094 567 2134; x_wconf 71' lang='lat' dir='ltr'>Valet.</span> <span class='ocrx_word' id='word_1_291' title='bbox 587 2096 729 2132; x_wconf 85' lang='lat' dir='ltr'>Maxim.</span> <span class='ocrx_word' id='word_1_292' title='bbox 747 2096 825 2132; x_wconf 89' lang='lat' dir='ltr'>Lib.</span> <span class='ocrx_word' id='word_1_293' title='bbox 847 2097 879 2130; x_wconf 90' lang='lat'>8.</span> <span class='ocrx_word' id='word_1_294' title='bbox 899 2109 969 2145; x_wconf 87' lang='lat' dir='ltr'>cap.</span> <span class='ocrx_word' id='word_1_295' title='bbox 985 2111 1020 2134; x_wconf 85' lang='lat'>2.</span> <span class='ocrx_word' id='word_1_296' title='bbox 1047 2097 1105 2133; x_wconf 84' lang='lat' dir='ltr'>ubi</span> <span class='ocrx_word' id='word_1_297' title='bbox 1131 2097 1259 2144; x_wconf 79' lang='lat' dir='ltr'>insigne</span> <span class='ocrx_word' id='word_1_298' title='bbox 1288 2101 1326 2133; x_wconf 90' lang='lat' dir='ltr'>C.</span> <span class='ocrx_word' id='word_1_299' title='bbox 1348 2099 1456 2134; x_wconf 77' lang='lat' dir='ltr'>Marii</span> <span class='ocrx_word' id='word_1_300' title='bbox 1483 2099 1654 2146; x_wconf 78' lang='lat' dir='ltr'>judicium</span> <span class='ocrx_word' id='word_1_301' title='bbox 1683 2098 1718 2131; x_wconf 88' lang='lat' dir='ltr'>in</span> <span class='ocrx_word' id='word_1_302' title='bbox 1745 2099 1781 2132; x_wconf 90' lang='lat' dir='ltr'>C.</span> 
     </span>
     <span class='ocr_line' id='line_1_39' title="bbox 347 2140 1791 2192; baseline -0.001 -11"><span class='ocrx_word' id='word_1_303' title='bbox 347 2144 516 2181; x_wconf 62' lang='lat' dir='ltr'>Tatnmium</span> <span class='ocrx_word' id='word_1_304' title='bbox 532 2140 803 2179; x_wconf 82' lang='lat' dir='ltr'>Minturnensem</span> <span class='ocrx_word' id='word_1_305' title='bbox 817 2160 828 2186; x_wconf 89' lang='lat'>;</span> <span class='ocrx_word' id='word_1_306' title='bbox 856 2145 915 2191; x_wconf 91' lang='lat' dir='ltr'>qui</span> <span class='ocrx_word' id='word_1_307' title='bbox 933 2157 1010 2179; x_wconf 90' lang='lat' dir='ltr'>cum</span> <span class='ocrx_word' id='word_1_308' title='bbox 1036 2148 1183 2181; x_wconf 77' lang='lat' dir='ltr'>Fanniam</span> <span class='ocrx_word' id='word_1_309' title='bbox 1200 2158 1337 2181; x_wconf 85' lang='lat' dir='ltr'>uxorem</span> <span class='ocrx_word' id='word_1_310' title='bbox 1355 2148 1392 2180; x_wconf 91' lang='lat' dir='ltr'>in</span> <span class='ocrx_word' id='word_1_311' title='bbox 1410 2145 1580 2182; x_wconf 81' lang='lat' dir='ltr'>adulterio</span> <span class='ocrx_word' id='word_1_312' title='bbox 1598 2144 1791 2192; x_wconf 86' lang='lat' dir='ltr'>deprehen-</span> 
     </span>
     <span class='ocr_line' id='line_1_40' title="bbox 349 2189 1791 2241; baseline -0.001 -14"><span class='ocrx_word' id='word_1_313' title='bbox 349 2189 417 2227; x_wconf 76' lang='lat' dir='ltr'>iarn</span> <span class='ocrx_word' id='word_1_314' title='bbox 435 2189 650 2238; x_wconf 87' lang='lat' dir='ltr'>repudiasset,</span> <span class='ocrx_word' id='word_1_315' title='bbox 675 2204 712 2227; x_wconf 88' lang='lat' dir='ltr'>ac</span> <span class='ocrx_word' id='word_1_316' title='bbox 729 2191 811 2226; x_wconf 91' lang='lat' dir='ltr'>dote</span> <span class='ocrx_word' id='word_1_317' title='bbox 839 2190 984 2238; x_wconf 84' lang='lat' dir='ltr'>spoliare</span> <span class='ocrx_word' id='word_1_318' title='bbox 1001 2203 1208 2235; x_wconf 81' lang='lat' dir='ltr'>conaretur3</span> <span class='ocrx_word' id='word_1_319' title='bbox 1235 2194 1365 2228; x_wconf 84' lang='lat' dir='ltr'>Marius</span> <span class='ocrx_word' id='word_1_320' title='bbox 1381 2194 1546 2228; x_wconf 82' lang='lat' dir='ltr'>Fanniam</span> <span class='ocrx_word' id='word_1_321' title='bbox 1563 2191 1791 2241; x_wconf 61' lang='lat' dir='ltr'>impudicitiae</span> 
     </span>
     <span class='ocr_line' id='line_1_41' title="bbox 348 2238 1790 2288; baseline -0.001 -14"><span class='ocrx_word' id='word_1_322' title='bbox 348 2251 441 2274; x_wconf 85' lang='lat' dir='ltr'>ream</span> <span class='ocrx_word' id='word_1_323' title='bbox 449 2238 579 2285; x_wconf 83' lang='lat' dir='ltr'>sestertio</span> <span class='ocrx_word' id='word_1_324' title='bbox 592 2251 719 2282; x_wconf 86' lang='lat' dir='ltr'>nummo,</span> <span class='ocrx_word' id='word_1_325' title='bbox 746 2239 941 2274; x_wconf 82' lang='lat' dir='ltr'>Titinnium</span> <span class='ocrx_word' id='word_1_326' title='bbox 958 2250 1072 2274; x_wconf 85' lang='lat' dir='ltr'>autem</span> <span class='ocrx_word' id='word_1_327' title='bbox 1083 2240 1207 2286; x_wconf 85' lang='lat' dir='ltr'>summa</span> <span class='ocrx_word' id='word_1_328' title='bbox 1220 2243 1306 2276; x_wconf 69' lang='lat' dir='ltr'>totiux</span> <span class='ocrx_word' id='word_1_329' title='bbox 1319 2241 1391 2276; x_wconf 64' lang='lat' dir='ltr'>dotia</span> <span class='ocrx_word' id='word_1_330' title='bbox 1407 2239 1576 2276; x_wconf 86' lang='lat' dir='ltr'>damnavit</span> <span class='ocrx_word' id='word_1_331' title='bbox 1593 2257 1605 2283; x_wconf 66' lang='grc' dir='ltr'><strong><em>ς</em></strong></span> <span class='ocrx_word' id='word_1_332' title='bbox 1630 2238 1790 2288; x_wconf 82' lang='lat' dir='ltr'>praefatus</span> 
     </span>
     <span class='ocr_line' id='line_1_42' title="bbox 348 2285 1791 2334; baseline 0 -13"><span class='ocrx_word' id='word_1_333' title='bbox 348 2286 380 2321; x_wconf 86' lang='lat' dir='ltr'>se</span> <span class='ocrx_word' id='word_1_334' title='bbox 398 2286 485 2322; x_wconf 85' lang='lat' dir='ltr'>hanc</span> <span class='ocrx_word' id='word_1_335' title='bbox 505 2285 681 2333; x_wconf 87' lang='lat' dir='ltr'>judicandi</span> <span class='ocrx_word' id='word_1_336' title='bbox 699 2287 866 2322; x_wconf 80' lang='lat' dir='ltr'>rationem</span> <span class='ocrx_word' id='word_1_337' title='bbox 890 2285 1056 2330; x_wconf 87' lang='lat' dir='ltr'>secutum,</span> <span class='ocrx_word' id='word_1_338' title='bbox 1083 2285 1176 2334; x_wconf 84' lang='lat' dir='ltr'>quod</span> <span class='ocrx_word' id='word_1_339' title='bbox 1197 2287 1260 2322; x_wconf 85' lang='lat' dir='ltr'>fibi</span> <span class='ocrx_word' id='word_1_340' title='bbox 1287 2287 1432 2334; x_wconf 87' lang='lat' dir='ltr'>liqueret</span> <span class='ocrx_word' id='word_1_341' title='bbox 1453 2290 1651 2324; x_wconf 87' lang='lat' dir='ltr'>Titinnium</span> <span class='ocrx_word' id='word_1_342' title='bbox 1676 2288 1791 2334; x_wconf 87' lang='lat' dir='ltr'>impu-</span> 
     </span>
     <span class='ocr_line' id='line_1_43' title="bbox 349 2332 1370 2382; baseline 0 -12"><span class='ocrx_word' id='word_1_343' title='bbox 349 2334 459 2371; x_wconf 85' lang='lat' dir='ltr'>dicam</span> <span class='ocrx_word' id='word_1_344' title='bbox 476 2345 518 2369; x_wconf 90' lang='lat' dir='ltr'>eo</span> <span class='ocrx_word' id='word_1_345' title='bbox 534 2334 645 2370; x_wconf 84' lang='lat' dir='ltr'>animo</span> <span class='ocrx_word' id='word_1_346' title='bbox 661 2332 806 2379; x_wconf 82' lang='lat' dir='ltr'>duxisse,</span> <span class='ocrx_word' id='word_1_347' title='bbox 831 2343 869 2370; x_wconf 89' lang='lat' dir='ltr'>ut</span> <span class='ocrx_word' id='word_1_348' title='bbox 885 2334 956 2382; x_wconf 76' lang='lat' dir='ltr'>ejus</span> <span class='ocrx_word' id='word_1_349' title='bbox 972 2333 1048 2371; x_wconf 85' lang='lat' dir='ltr'>doti</span> <span class='ocrx_word' id='word_1_350' title='bbox 1064 2333 1204 2371; x_wconf 82' lang='lat' dir='ltr'>infidias</span> <span class='ocrx_word' id='word_1_351' title='bbox 1220 2335 1370 2371; x_wconf 84' lang='lat' dir='ltr'>strueret.</span> 
     </span>
    </p>
   </div>
   <div class='ocr_carea' id='block_1_13' title="bbox 1487 2073 1617 2081">
    <p class='ocr_par' dir='ltr' id='par_1_16' title="bbox 1487 2073 1617 2081">
     <span class='ocr_line' id='line_1_44' title="bbox 1487 2073 1617 2081; baseline 0 0"><span class='ocrx_word' id='word_1_352' title='bbox 1487 2073 1617 2081; x_wconf 95' lang='lat' dir='ltr'> </span> 
     </span>
    </p>
   </div>
   <div class='ocr_carea' id='block_1_14' title="bbox 1653 2379 1789 2421">
    <p class='ocr_par' dir='ltr' id='par_1_17' title="bbox 1653 2379 1789 2421">
     <span class='ocr_line' id='line_1_45' title="bbox 1653 2379 1789 2421; baseline -0.029 0"><span class='ocrx_word' id='word_1_353' title='bbox 1653 2379 1789 2421; x_wconf 77' lang='lat' dir='ltr'>nianus</span> 
     </span>
    </p>
   </div>
  </div>
 </body>
</html>
