2059 2812
432 161 532 200 102
821 142 1085 194 Elementa
1115 114 1261 207 szv
1297 142 1467 195 civim

574 241 576 243 ¹
939 243 986 291 T
1020 257 1038 290 1
1076 258 1127 291 T.
1197 243 1342 293 VIII.

684 331 876 400 Qibus
899 332 1145 383 Alienare
1168 331 1332 393 Licet,
1369 335 1454 383 vel
1474 332 1603 386 Non.

484 448 518 472 1.
549 436 594 472 In
619 430 693 472 hac
722 431 952 484 quaestione,
980 430 1069 472 duae
1098 431 1339 484 potissimum
1366 431 1530 486 regulae,
1558 447 1766 488 earumque
1799 448 1863 474 ex-

424 496 627 550 ceptiones
646 496 738 535 sunt
757 495 1028 536 observandae.
1464 494 1469 498 ’

480 576 518 602 2.
549 560 680 601 Prima
709 560 845 613 regula
876 561 961 610 est3
983 588 1026 595 -
1046 559 1237 616 Qilibet
1262 560 1461 601 Dominus
1489 561 1544 602 est
1570 560 1802 620 moderator
1831 567 1864 602 &c
1929 578 1932 581 ’

422 624 590 665 Arbiter
610 622 668 662 rei
688 622 779 670 suae,
807 636 972 675 eamque
991 622 1164 662 alienare
1182 625 1327 676 potest.

478 701 512 734 3.
545 684 744 737 Exceptio
772 684 902 736 prima
931 685 986 725 est
1019 684 1061 724 in
1081 685 1250 734 Marito,
1279 686 1348 739 qui
1376 686 1536 738 quidem
1554 685 1702 727 Praedii
1720 686 1866 726 dotalis

422 749 649 789 inaestimati
668 748 868 788 Dominus
888 750 942 788 est
970 749 1058 802 jure
1085 750 1197 790 civili
1213 771 1225 801 3
1256 750 1323 789 sed
1345 761 1479 790 tamen
1503 749 1605 790 illud
1625 764 1676 790 ne
1700 751 1865 791 consen-

420 811 548 850 tiente
569 812 731 864 quidem
760 825 886 850 uxore
904 811 989 850 ullo
1015 812 1139 853 modo
1162 812 1333 852 alienare
1361 813 1505 866 potest,
1533 813 1626 865 quia
1643 813 1867 853 dominium

421 874 565 914 Mariti
578 874 804 916 revocabile
823 875 892 923 est,
913 880 948 916 ὅ(
965 874 1052 924 d05‚
1071 875 1205 916 soluto
1224 876 1500 924 matrimonio,
1515 877 1771 919 restituenda.
1811 880 1867 919 At

422 939 483 978 rei
503 940 698 980 aestimatae
714 938 937 981 dominium
951 940 1171 994 pleniffime
1184 956 1228 981 ac
1243 940 1566 981 irrevocabiliter
1584 941 1624 980 in
1638 955 1727 981 eum
1743 941 1867 981 trans-

420 1000 567 1049 fertur,
597 1003 653 1041 ita
674 1011 719 1041 ut
738 1001 862 1054 pretii
881 1012 1038 1043 tantum
1059 1003 1223 1043 debitor
1251 1004 1460 1052 efficiatur,
1488 1002 1556 1046 nisi
1575 1004 1685 1044 forte
1703 1005 1866 1046 61εᾶἱο-

420 1077 512 1104 nem
531 1064 602 1104 fibi
617 1064 764 1106 mulier
783 1062 1062 1107 reservaverit.

470 1159 542 1202 Qi
561 1159 702 1206 quidem
720 1159 842 1194 Praedii
861 1159 1011 1203 dotalis]
1051 1160 1197 1204 Triplex
1214 1169 1287 1191 erat
1309 1158 1400 1204 apud
1414 1161 1588 1192 Romanos
1604 1159 1721 1193 dotem
1749 1160 1866 1193 consti—

421 1206 541 1240 tuendi
570 1207 670 1238 ratio.
723 1208 791 1239 Aut
810 1205 902 1238 enim
922 1213 1248 1247 DABATVR‚—-aut
1266 1214 1657 1240 PROMITTBBATVR—
1669 1216 1728 1240 aut
1759 1217 1866 1240 otet-

421 1266 544 1288 BATVR.

472 1306 543 1334 1³¹⁰.
574 1301 673 1333 ΒΑΜ
696 1301 767 1332 Dos
783 1296 960 1332 dicebatur
978 1296 1001 1331 fi
1019 1298 1157 1344 praesens
1175 1299 1359 1334 offerretur
1376 1300 1513 1342 marito,
1539 1298 1642 1346 idque
1665 1300 1866 1348 plerumque

422 1345 527 1380 fiebat
544 1358 586 1380 eo
605 1347 686 1387 ritu,
715 1355 751 1379 ut
769 1346 914 1393 pecunia
932 1344 992 1379 illa
1009 1346 1136 1380 dotalis
1154 1346 1345 1391 consignata
1364 1346 1476 1392 pridie
1492 1348 1684 1393 nuptiarum
1702 1347 1790 1394 apud
1808 1360 1867 1382 au-

421 1393 526 1438 spices
541 1392 770 1439 deponeretur
788 1393 821 1426 in
840 1392 980 1426 crastino
994 1395 1190 1440 nuptiarum
1205 1396 1278 1429 viro
1294 1392 1469 1428 tradenda.
1512 1396 1564 1428 De
1581 1394 1759 1429 Messalina
1772 1395 1863 1429 Suet.

423 1439 545 1474 Claud.
564 1439 972 1483 xxv1.-—-Meffalinam,
996 1451 1088 1483 quum
1105 1441 1284 1486 comperiffiet
1303 1440 1392 1486 super
1411 1443 1536 1486 flagitia
1558 1450 1649 1486 atque
1667 1443 1809 1476 dedecora
1828 1445 1865 1476 C.

423 1490 498 1522 Silio
513 1488 606 1522 etiam
625 1487 738 1533 nupsssse
764 1487 830 1521 dote
856 1488 933 1520 inter
950 1488 1078 1533 adspices
1096 1489 1277 1534 confignata,
1296 1489 1442 1534 supplicio
1462 1488 1590 1533 adfecit.
1643 1491 1686 1523 Et
1702 1491 1778 1536 Juv.
1799 1491 1863 1525 Sat.

424 1537 467 1569 X.
488 1547 518 1569 v.
533 1547 610 1581 333.
632 1532 674 1568 de
696 1534 815 1569 efidem
834 1531 1024 1577 Messalina,

1019 1583 1145 1617 Dudum
1155 1583 1241 1628 sedet
1259 1584 1309 1616 illa
1323 1592 1432 1626 parato

758 1629 948 1671 Flammeolo,
972 1628 1132 1678 Uriusque
1144 1632 1250 1674 palam
1260 1632 1392 1674 genialis
1410 1632 1440 1663 in
1460 1631 1553 1664 hortis

760 1676 924 1717 Sternitur,
948 1674 985 1710 Θ
1000 1678 1056 1711 RI
1065 1679 1129 1712 TV
1148 1678 1243 1711 decies
1259 1686 1384 1711 centena
1403 1678 1469 1711 DA
1483 1680 1507 1711 Β
1519 1680 1529 1712 l
1538 1680 1586 1712 'N
1594 1678 1686 1712 TVR

761 1722 1025 1769 ANTIQQ
1049 1725 1132 1758 venit
1150 1736 1215 1759 cum
1232 1726 1631 1760 SIGNATORIBI'S
1647 1726 1863 1760 AVSPEX.

473 1766 540 1804 2d0.
568 1771 639 1803 Dos
657 1781 968 1805 PRoquTEBA-rva
991 1769 1188 1818 interposita
1205 1771 1440 1819 stipulatione.
1488 1773 1685 1819 Exemplum
1701 1771 1866 1819 ejusmodi

423 1815 659 1864 stipulationis
677 1817 721 1851 est
740 1816 828 1864 apud
848 1816 1018 1852 Plautum.
1037 1819 1196 1853 Trinum.
1214 1819 1255 1854 V.
1272 1832 1303 1854 2.
1324 1831 1353 1853 v.
1374 1831 1428 1865 34.

762 1877 819 1900 ιγ.
849 1865 996 1908 Sponden'
1011 1877 1080 1911 ergo
1097 1876 1182 1900 tuam
1196 1867 1337 1901 Gnatam
1354 1878 1475 1901 uxorem
1493 1869 1563 1901 mihi
1577 1872 1590 1901 ἓ
1742 1867 1863 1913 [moror.

761 1925 819 1947 CA.
846 1914 987 1955 Spondeo,
1014 1911 1052 1947 (θ’
1074 1916 1151 1948 mille
1169 1915 1238 1948 auri
1255 1915 1423 1958 Philippum
1441 1915 1528 1947 dotis.
1584 1927 1636 1949 tv.
1662 1917 1775 1949 Dotem
1792 1917 1867 1949 nilnl

760 1971 817 1993 CA.
844 1961 878 1992 Si
895 1960 947 1993 illa
966 1961 1021 1993 tibi
1032 1962 1150 2004 placet,
1164 1962 1313 2005 placenda
1328 1964 1393 1997 Dos
1406 1973 1521 2005 quoque
1535 1961 1584 2007 est,
1601 1962 1713 2010 Qum
1731 1963 1784 1994 dat
1798 1964 1863 1996 tibi.

766 2017 821 2040 cu.
851 2005 1006 2050 Postremo,
1033 2010 1108 2052 quod
1124 2010 1170 2042 vis
1185 2020 1238 2042 non
1254 2010 1354 2050 duces,
1375 2008 1424 2054 nist
1441 2010 1522 2050 illud,
1541 2011 1616 2052 quod
1629 2021 1684 2042 non
1699 2011 1754 2050 vis,
1768 2008 1862 2052 feres.

765 2064 818 2086 cA.
847 2052 910 2099 Jus
926 2054 973 2087 hic
991 2064 1067 2088 orat.
1122 2068 1180 2090 tv.
1208 2057 1386 2100 Impetrabit
1405 2065 1434 2088 te
1450 2056 1603 2090 Advocato
1621 2066 1712 2100 atque
1731 2058 1863 2091 Arbitro.

763 2099 856 2145 Istlmc
870 2103 946 2146 lege,
959 2100 1041 2146 (cum
1053 2101 1107 2147 ista
1121 2101 1203 2147 dote)
1206 2104 1306 2148 filiam
1316 2113 1398 2138 tuam
1404 2101 1545 2146 sponden'
1556 2104 1627 2136 mihi
1643 2116 1763 2137 uxorem
1778 2105 1872 2138 dare?

759 2159 817 2181 cu.
845 2149 986 2192 Spondeo.
1040 2162 1095 2183 ca.
1125 2153 1170 2185 Et
1186 2149 1372 2193 egospondeo
1389 2151 1466 2184 idem
1481 2152 1544 2184 hoc.

478 2194 543 2240 35⁰.
569 2195 669 2228 Dotis
688 2206 828 2229 DICTIO
847 2193 951 2229 fiebat
971 2195 1080 2229 verbis
1100 2195 1240 2242 quidem
1260 2195 1454 2231 solennibus
1469 2196 1684 2242 stipulatione
1707 2196 1796 2232 haud
1814 2199 1864 2232 in-

427 2240 602 2288 *terpofitssu
654 2242 855 2288 Exemplum
872 2242 918 2277 est
935 2241 1022 2288 apud
1040 2244 1177 2278 Terent.
1196 2242 1298 2277 Andr.
1316 2244 1358 2277 V.
1376 2257 1408 2288 4.
1427 2256 1455 2277 v.
1477 2256 1533 2289 47.

953 2292 1162 2332 -—-—--Dos,
1187 2291 1356 2334 Pamphile,
1382 2291 1420 2333 est

761 2336 893 2374 Talenta
911 2338 1088 2382 quindecim.
1142 2351 1194 2372 ΡΑ.
1223 2340 1492 2383 Accipio.—-·-—
