2059 2812
413 162 520 224 264
816 153 1076 206 Elementa
1107 154 1253 222 Juris
1282 157 1452 211 Civilis

412 257 715 298 ——Advocatus
742 254 812 303 est,
839 254 910 306 qui
938 252 1174 294 desiderium
1206 256 1322 297 amici
1345 257 1404 297 sui
1429 259 1469 299 in
1500 258 1586 314 jure
1616 260 1722 315 apud
1752 266 1860 314 eum,

412 323 481 375 qui
508 317 777 376 jurisdictioni
805 317 958 370 praeest,
988 318 1170 371 exponit,
1198 319 1264 360 vel
1291 319 1456 361 alterius
1480 321 1677 366 desiderio
1703 336 1861 367 contra-

411 387 523 427 dicit.

951 439 997 488 T
1035 454 1055 488 1
1095 456 1146 489 T.
1218 442 1308 491 XI.

855 537 936 590 De
974 537 1403 606 Satisdationibus.

470 665 505 692 1.
537 650 705 689 Interest
731 645 997 702 litigantium,
1023 659 1073 686 ne
1095 645 1246 700 judicia
1271 647 1367 686 fiant
1394 647 1581 701 clusoria,
1608 657 1643 694 ὅ(
1664 652 1761 694 hinc
1779 669 1800 695 a
1819 653 1859 696 se

409 714 581 755 invicem
610 713 794 753 cautiones
817 711 999 764 exigunt.

465 793 502 820 2.
537 777 658 817 Cautio
680 779 748 826 est,
776 789 851 829 qua
873 774 980 828 parti
1007 772 1181 814 adversae
1200 777 1409 828 praestatur
1424 776 1622 830 securitas,
1649 795 1772 835 eaque
1794 783 1859 824 vel

410 841 739 896 Fidejuffbriaest,
767 854 854 893 quae
870 845 904 880 ὅ(
929 850 1255 879 εΑΤΙεῡΑΤΙο
1288 839 1467 890 dicitur3
1497 844 1561 884 vel
1576 845 1856 900 pignoratitia;

408 905 473 946 vel
483 905 675 959 juratoria
691 923 702 955 3
733 903 797 943 vel
816 902 909 941 nude}
926 901 1167 954 promzffbria.

465 985 500 1018 3.
533 969 755 1009 Ordinarie
781 977 945 1008 cavetur
962 963 1489 1019 fidejussoribus.——Pignora
1518 976 1613 1009 tunc
1639 969 1857 1011 admittun-

407 1044 489 1082 tur,
517 1033 543 1075 fi
562 1034 770 1076 aestimatio
790 1032 850 1072 rei
878 1041 986 1072 certa
1006 1029 1064 1069 fit.
1083 1052 1128 1055 ---
1155 1029 1287 1079 Juratb
1316 1030 1578 1082 promittunt,
1607 1043 1693 1075 tum
1715 1036 1792 1076 viri
1809 1035 1858 1075 il-

406 1096 573 1148 lustres;
619 1106 704 1136 tum
734 1096 833 1136 olim
859 1093 1090 1147 possessores
1121 1104 1255 1132 rerum
1288 1092 1554 1135 immobilium
1570 1111 1743 1146 3-—nec
1775 1111 1857 1139 non

404 1156 475 1197 alii
501 1157 682 1211 probatae
714 1158 822 1208 vitae,
850 1155 920 1209 qui
940 1154 1107 1194 idoneos
1126 1152 1386 1208 fidejuff02·e8‚
1415 1161 1450 1196 ὅ(
1478 1156 1649 1210 pignora
1676 1159 1857 1212 reperire

404 1220 512 1261 haud
539 1221 717 1274 poffilnt.

456 1297 497 1333 4.
528 1285 581 1322 Et
609 1282 771 1336 quidem
789 1281 877 1336 jure
902 1293 1010 1321 novo
1031 1279 1128 1331 Reus
1155 1292 1226 1318 nec
1253 1277 1412 1319 actione
1432 1283 1634 1335 perfimali,
1663 1297 1735 1325 nec
1763 1286 1856 1326 reali

404 1358 622 1388 conventus
645 1348 872 1388 cautionem
900 1347 945 1387 de
965 1346 1133 1400 judicato
1153 1342 1326 1397 solvendo
1352 1345 1526 1396 praestat,
1554 1346 1621 1387 sed
1639 1356 1792 1388 tantum
1810 1351 1854 1390 de

404 1407 652 1462 Judicioststi,
681 1408 880 1463 simulque,
909 1407 1019 1463 quod
1040 1408 1078 1446 in
1099 1405 1253 1461 judicio
1276 1405 1554 1458 permansurus
1571 1407 1618 1448 fit
1643 1409 1694 1448 ad
1717 1413 1855 1452 termi-

402 1485 497 1513 num
524 1471 621 1512 litis.

462 1549 499 1580 5.
532 1531 641 1571 Λὲἶον
661 1543 789 1581 cavet,
817 1532 855 1572 se
870 1532 938 1572 sub
958 1545 1081 1584 poena
1098 1530 1214 1584 dupli
1225 1530 1334 1569 -intra
1354 1529 1454 1570 duos
1468 1531 1617 1572 menses
1636 1547 1658 1572 a
1672 1543 1854 1587 tempore

402 1595 575 1636 exhibiti
608 1595 738 1635 libelli
773 1596 886 1635 litem
911 1596 1239 1640 contestaturum,
1272 1605 1437 1644 eamque
1465 1593 1515 1633 ad
1543 1596 1696 1635 exitum
1724 1599 1855 1649 perse-

401 1670 651 1713 quuturum3
681 1665 716 1700 ὃ(
741 1657 766 1697 fi
794 1658 1063 1705 succubuerit,
1092 1657 1287 1697 decimam
1314 1656 1551 1706 quantitatis
1579 1657 1722 1699 libello
1744 1675 1854 1703 com-

402 1720 605 1777 prehensae
634 1728 804 1771 partem,
835 1718 1099 1771 impensarum
1129 1717 1308 1762 nomine,
1334 1718 1627 1760 restituturum.

458 1792 494 1824 6.
527 1787 772 1823 Procurator
791 1782 872 1821 Rei
898 1779 1084 1832 praeſsmtis
1107 1793 1155 1818 ex
1183 1779 1250 1819 sua
1283 1779 1452 1833 persona
1483 1793 1565 1819 non
1599 1791 1738 1821 cavet:
1782 1783 1850 1827 sed

400 1861 505 1895 reus,
533 1845 597 1886 vel
630 1845 798 1897 praesens
820 1844 860 1882 in
894 1842 1047 1897 judicio
1067 1856 1145 1896 pro
1165 1858 1214 1883 eo
1237 1844 1341 1896 satis
1375 1842 1608 1896 promittit3
1648 1846 1712 1885 vel
1740 1858 1852 1890 extra

398 1913 594 1969 judicium
610 1924 685 1964 pro
701 1924 751 1950 eo
767 1909 941 1958 iatisdat,
961 1909 1109 1962 partim
1125 1909 1168 1949 de
1179 1909 1385 1963 judicatum
1401 1908 1501 1963 solvi
1516 1929 1528 1960 ‚-
1557 1910 1719 1962 partim,
1738 1914 1849 1966 quod

554 2019 714 2088 JUS
749 2019 1000 2070 ANGL
1020 2017 1398 2069 ICANUM.
1428 2020 1487 2070 ad
1511 2020 1607 2070 Tit.
1627 2023 1688 2071 X.

447 2120 563 2156 Hodie
585 2120 671 2155 nihil
688 2120 727 2154 fit
746 2118 908 2160 usitatim,
934 2131 1034 2165 quam
1051 2130 1328 2166 unumquemque
1346 2120 1377 2152 in
1395 2119 1546 2165 qualibet
1565 2118 1659 2154 causa
1674 2118 1735 2155 five
1753 2121 1847 2166 reali,

400 2169 467 2204 five
485 2166 659 2214 personali,
680 2179 739 2215 per
753 2168 1014 2200 Procuratorem
1035 2166 1125 2200 suum
1142 2166 1237 2200 litem
1257 2166 1308 2200 vel
1328 2165 1452 2200 inferre
1471 2167 1522 2200 vel
1542 2165 1718 2214 suscipere.
1747 2168 1846 2204 Casus

398 2229 510 2252 tamen
530 2228 596 2249 non
618 2227 741 2260 paucos
761 2215 906 2260 reperire
920 2213 1014 2256 licet,
1043 2216 1076 2247 in
1099 2225 1246 2259 quorum
1265 2212 1434 2257 aliquibus
1451 2226 1705 2260 procuratorem
1724 2216 1846 2251 consti-

400 2275 493 2299 tuere
523 2262 655 2311 prorsus
688 2261 918 2309 prohibemur,
945 2262 977 2294 in
1006 2260 1080 2295 aliis
1100 2261 1166 2295 fine
1195 2262 1289 2295 venia
1313 2260 1581 2307 Justiciariorum
1610 2275 1677 2297 non
1705 2265 1846 2310 permit-

397 2314 516 2347 tlmur.

1658 2404 1793 2447 tempo
1802 2408 1843 2434 re
