2059 2812
641 145 762 198 Lib.
793 145 859 197 Il.
933 145 1030 199 Tit.
1057 144 1122 198 X.
1521 158 1617 206 107

721 249 766 296 T
806 264 830 298 1
873 264 924 298 T.
1000 248 1066 296 X.

497 345 576 396 De
612 344 937 396 Tefi‘amentis
973 342 1293 393 Ordinandp's.

243 462 276 485 1.
301 443 481 497 Reliquis
496 442 623 482 modis
639 440 875 494 adquirendi
887 440 1143 493 singularibus
1159 452 1227 492 per
1241 439 1417 492 legatum
1431 444 1466 480 δι
1481 438 1612 479 Fidei-

185 508 384 548 commista
403 506 453 545 ad
467 507 583 546 finem
604 505 717 557 hujus
737 505 831 543 libri
853 504 1022 558 rejectis,
1050 507 1274 555 Imperator
1294 501 1427 540 tranfit
1447 501 1497 539 ad
1516 502 1611 540 civi-

184 570 239 608 les
263 568 530 615 Univerffiles,
561 579 731 619 quorum
751 566 901 618 primus
920 568 975 606 est
995 565 1217 614 bbendum,
1245 578 1330 616 qua:
1350 565 1403 602 est
1424 563 1612 602 Succeflio

186 632 225 670 in
246 630 469 670 universum
488 630 559 682 jUS‚
587 628 694 681 quod
714 629 935 668 Defundws
954 628 1106 667 habuit.

241 708 279 733 2.
310 692 602 734 Haereditatum
623 690 768 742 duplex
788 689 969 729 conditio
990 691 1057 729 est.
1112 693 1214 731 Nam
1234 702 1279 727 ex
1297 689 1383 741 jure
1403 686 1511 726 civili
1528 687 1613 725 Ro-

185 769 302 794 mano
323 754 387 794 vel
406 768 454 792 ex
471 753 739 798 Testamento,
768 752 831 790 vel
849 750 898 789 ab
919 750 1103 790 intestato
1123 749 1172 788 ad
1191 761 1262 788 nos
1282 748 1496 801 pertinent.

244 834 277 867 3.
308 817 599 858 Testamentum
616 813 765 854 dicitur
783 812 884 865 quafi
901 813 1058 852 testatio
1079 812 1234 851 mentis.

241 894 279 928 4.
314 879 379 918 Est
398 889 527 918 autem
547 877 775 918 Voluntatis
796 877 937 916 nostrae
953 876 1050 928 justa
1085 873 1184 925 (hoc
1202 875 1270 921 est,
1299 872 1453 925 legibus
1472 883 1614 910 conve·

185 944 320 995 niens)
340 940 535 981 sententia
554 939 603 979 de
621 954 685 988 eo,
714 939 823 991 quod
841 940 928 991 quis
950 940 1035 991 post
1054 947 1225 977 mortem
1245 937 1352 976 suam
1370 935 1456 974 fieri
1475 933 1587 974 velit.

244 1019 281 1052 5.
311 1006 459 1044 Ortum
479 1003 727 1043 Testamenta
744 1000 822 1040 fine
842 1000 968 1040 dubio
988 1000 1135 1040 habent
1153 1013 1174 1038 a
1190 999 1275 1052 jure
1290 999 1480 1038 Gentium
1497 1002 1532 1038 ὅ(
1551 1010 1617 1035 na·-

188 1068 308 1107 turali
328 1067 498 1115 ratione,
530 1066 594 1106 cui
612 1063 716 1104 nihil
733 1063 1038 1104 convenientius
1057 1064 1125 1112 est,
1142 1076 1257 1115 quam
1273 1061 1518 1101 voluntatem
1532 1060 1619 1098 Do-

187 1131 302 1178 mini,
330 1129 500 1169 volentis
520 1143 603 1166 rem
621 1128 726 1164 suam
744 1127 915 1164 alienare
934 1137 1060 1164 ratam
1078 1125 1240 1175 haberi;
1280 1123 1347 1163 sed
1364 1129 1399 1165 ὅ(
1417 1122 1522 1162 nihil
1540 1135 1619 1161 ma-

190 1193 248 1246 gis
268 1189 491 1231 hominibus
519 1189 701 1236 debetur,
729 1200 846 1240 quam
871 1195 914 1226 ut
941 1185 1132 1238 supremae
1152 1185 1380 1233 voluntatis,
1416 1186 1620 1238 postquam

188 1259 266 1310 jam
285 1251 389 1293 aliud
412 1252 512 1292 velle
532 1265 613 1290 non
634 1251 807 1303 poffunt,
836 1249 939 1287 liber
956 1247 1002 1287 fit
1020 1248 1151 1300 stylus.

248 1325 283 1357 6.
316 1318 501 1355 Formam
519 1322 652 1351 tamen
672 1311 879 1362 specialem
898 1308 1045 1349 habent
1074 1322 1120 1347 ex
1141 1309 1227 1362 jure
1247 1310 1434 1347 Romano
1453 1318 1536 1347 tum
1555 1321 1620 1347 ve-

192 1380 284 1427 teri,
312 1387 398 1416 tum
418 1389 539 1414 novo.
599 1376 669 1428 Jus
689 1373 807 1413 civile
828 1383 939 1412 vetus
958 1370 1136 1424 agnoscit
1159 1385 1198 1419 4.
1218 1370 1375 1422 species.
1436 1385 1470 1410 1.
1489 1371 1622 1409 Testa-

190 1452 369 1482 mentum
390 1437 524 1479 calatis
550 1436 738 1476 Comitiis
761 1435 923 1477 saecum.
983 1449 1018 1474 2.
1050 1438 1096 1473 In
1116 1434 1341 1487 procinctu
1406 1449 1439 1482 3.
1471 1436 1547 1471 Per
1572 1446 1623 1473 aes

190 1510 226 1545 δε
244 1504 398 1543 libram.
455 1515 492 1549 4.
523 1502 620 1554 Jure
636 1499 834 1539 Praetorio
854 1511 987 1539 coram
1008 1496 1155 1550 septem
1175 1496 1336 1536 testibus
1352 1495 1499 1536 fadhnn
1519 1500 1554 1535 ἃ
1572 1493 1620 1534 ab

194 1567 240 1607 iis
258 1565 458 1619 signatum.

241 1673 371 1707 Calatis
386 1671 562 1717 comitiis]
595 1669 807 1705 Testamenta
824 1668 855 1701 in
877 1680 955 1714 pace
972 1668 1095 1702 fiebant
1114 1668 1146 1702 in
1165 1668 1322 1702 comitiis
1339 1666 1453 1701 calatis
1471 1678 1487 1699 a
1502 1667 1620 1699 Graeco

193 1721 296 1756 verbo
313 1719 396 1751 καλέω
414 1720 461 1753 ita
480 1718 592 1761 dietis,
618 1729 690 1763 quae
710 1727 770 1763 pro
783 1715 938 1758 collegio
957 1715 1177 1756 Pontificum,
1203 1726 1258 1748 aut
1273 1715 1378 1756 Regis
1392 1713 1619 1746 Flaminumve

196 1765 500 1810 inaugurandorum
528 1763 622 1798 caus-1¹1
653 1762 874 1804 habebantur,
901 1767 937 1797 ὃς
955 1761 1191 1795 dividebantur
1220 1762 1252 1794 in
1272 1761 1409 1793 Curiata
1429 1763 1464 1793 δε
1492 1759 1620 1792 Centu-

195 1815 289 1848 riata.
343 1813 557 1847 Testamenta
575 1822 653 1845 vero
672 1808 797 1843 fiebant
816 1808 865 1842 bis
889 1810 921 1841 in
950 1820 1036 1842 anno
1053 1808 1116 1841 hoc
1141 1806 1254 1841 modo.
1305 1807 1415 1841 Praeco
1433 1802 1619 1839 universam

195 1859 394 1895 circumibat
411 1860 582 1893 clvitatem
602 1857 758 1904 populum
777 1867 978 1897 convocans,
1005 1867 1042 1888 ac
1061 1865 1130 1888 turn
1149 1856 1206 1900 qui
1225 1853 1454 1888 testamentum
1472 1849 1619 1885 condere

197 1906 342 1949 volebat,
368 1908 401 1940 in
428 1907 588 1940 concione
615 1904 742 1951 populi,
767 1900 838 1948 ipso
868 1902 993 1949 populo
1014 1901 1092 1935 teste
1119 1902 1348 1935 testamentum
1367 1898 1544 1942 scribebat,
1568 1897 1618 1932 vel

198 1952 354 2001 praemiffa
373 1952 498 1987 solenni
518 1953 691 1995 rogatione
710 1947 1093 1983 haeredem'instituebat.

247 2001 285 2035 In
305 1998 516 2044 Procinetu]
556 1998 743 2041 Testamenta
761 1997 821 2030 IN
839 1996 937 2030 PRO
948 1995 1140 2031 CINCTV
1150 1994 1264 2040 fiebant
1279 2005 1298 2027 a
1317 1993 1460 2028 militibus
1476 1993 1507 2026 in
1525 1992 1621 2025 cinctu

202 2048 318 2081 Gabino
337 2048 375 2080 acl
396 2047 529 2091 pralium
560 2047 656 2079 ituris.
709 2041 797 2077 Vell.
816 2043 954 2077 Pat.11.
984 2055 1012 2087 5.
1065 2041 1250 2076 Facientibus
1271 2041 1399 2075 omnibus
1425 2040 1485 2073 IN
1505 2038 1620 2072 PRO·

202 2096 229 2127 C
238 2097 255 2128 I
261 2095 297 2127 N
301 2096 327 2127 C
336 2094 399 2128 TV
415 2094 447 2126 T
442 2093 601 2138 estamenta
620 2093 702 2126 velut
718 2091 758 2123 ad
774 2098 888 2124 certam
909 2098 1029 2124 mortem
1047 2090 1171 2123 eundum
1182 2087 1264 2132 foret
1274 2104 1283 2128 3
1310 2100 1365 2121 non
1379 2087 1540 2121 deterritus
1554 2094 1621 2129 pro·-

198 2140 295 2186 pofito,
317 2140 536 2185 perseverantia
556 2140 649 2180 ducis,
676 2149 763 2182 quem
780 2137 953 2170 moriturum
968 2136 1100 2181 miserat,
1125 2136 1250 2169 militem
1266 2135 1400 2169 vistorem
1415 2135 1535 2177 recepit.
1584 2133 1622 2164 In

203 2188 357 2222 Procinau
374 2188 451 2221 enim
457 2185 574 2230 stantes
594 2188 642 2220 vel
657 2187 753 2218 cineta
768 2184 886 2217 Gabino
901 2182 1041 2227 &scutis
1058 2193 1163 2217 manus
1186 2181 1352 2227 inserentes,
1371 2181 1507 2225 sagaque
1523 2179 1623 2210 accin-

198 2242 308 2277 gentes
317 2232 404 2278 fimul
420 2234 511 2266 etiam
529 2235 619 2268 tribus
632 2241 686 2266 aut
697 2239 825 2276 quatuor
840 2230 1028 2265 audientibus
1042 2230 1202 2269 Heredem
1213 2229 1303 2272 suum
1319 2227 1621 2270 nuncrqmbant.---·

204 2280 278 2313 Cic.
298 2277 339 2311 de
360 2279 456 2312 Orat.
478 2277 551 2312 Lib.
570 2281 597 2312 I.
618 2277 1027 2321 228.-—Reprehendebat
1051 2278 1141 2320 igitur
1158 2276 1291 2310 Galbam
1308 2275 1434 2308 Rutilius
1454 2270 1525 2316 quod
1541 2270 1566 2302 is
1581 2270 1617 2303 C.

204 2327 318 2371 Sulpici
344 2326 427 2360 Galli
441 2325 596 2370 propinqui
607 2325 656 2369 sui
671 2325 886 2371 QPupillum
905 2324 1004 2370 filium
1020 2323 1077 2368 ipse
1090 2332 1165 2367 pene
1184 2324 1213 2355 in
1232 2324 1358 2355 humeros
1376 2318 1443 2362 suos
1460 2313 1622 2359 extuliffi’t,

990 2370 1025 2403 Ο
1055 2381 1076 2403 2
1568 2362 1620 2408 qui
