<?xml version="1.0" encoding="UTF-8"?>
<!DOCTYPE html PUBLIC "-//W3C//DTD XHTML 1.0 Transitional//EN"
    "http://www.w3.org/TR/xhtml1/DTD/xhtml1-transitional.dtd">
<html xmlns="http://www.w3.org/1999/xhtml" xml:lang="en" lang="en">
 <head>
  <title>
</title>
<meta http-equiv="Content-Type" content="text/html;charset=utf-8" />
  <meta name='ocr-system' content='tesseract 3.04.00' />
  <meta name='ocr-capabilities' content='ocr_page ocr_carea ocr_par ocr_line ocrx_word'/>
</head>
<body>
  <div class='ocr_page' id='page_1' title='image "./jurisprudentiaph00eden_0043.png"; bbox 0 0 2059 2812; ppageno 0'>
   <div class='ocr_carea' id='block_1_1' title="bbox 698 155 1652 230">
    <p class='ocr_par' dir='ltr' id='par_1_1' title="bbox 698 155 1652 230">
     <span class='ocr_line' id='line_1_1' title="bbox 698 155 1652 230; baseline 0.013 -22"><span class='ocrx_word' id='word_1_1' title='bbox 698 155 811 210; x_wconf 83' lang='lat' dir='ltr'>Lib.</span> <span class='ocrx_word' id='word_1_2' title='bbox 852 157 890 210; x_wconf 93' lang='lat' dir='ltr'>I.</span> <span class='ocrx_word' id='word_1_3' title='bbox 966 159 1062 214; x_wconf 76' lang='lat' dir='ltr'>Tit.</span> <span class='ocrx_word' id='word_1_4' title='bbox 1102 160 1168 216; x_wconf 88' lang='lat' dir='ltr'>II.</span> <span class='ocrx_word' id='word_1_5' title='bbox 1587 181 1652 230; x_wconf 91' lang='lat'>17</span> 
     </span>
    </p>
   </div>
   <div class='ocr_carea' id='block_1_2' title="bbox 214 253 1651 507">
    <p class='ocr_par' dir='ltr' id='par_1_2' title="bbox 214 253 1651 507">
     <span class='ocr_line' id='line_1_2' title="bbox 274 253 1651 315; baseline 0.007 -19"><span class='ocrx_word' id='word_1_6' title='bbox 274 273 334 308; x_wconf 84' lang='lat'>15.</span> <span class='ocrx_word' id='word_1_7' title='bbox 360 253 683 297; x_wconf 85' lang='lat' dir='ltr'>Constitutiones</span> <span class='ocrx_word' id='word_1_8' title='bbox 709 258 941 311; x_wconf 84' lang='lat' dir='ltr'>Principum</span> <span class='ocrx_word' id='word_1_9' title='bbox 973 269 1106 303; x_wconf 88' lang='lat' dir='ltr'>autem</span> <span class='ocrx_word' id='word_1_10' title='bbox 1137 262 1225 303; x_wconf 84' lang='lat' dir='ltr'>aliae</span> <span class='ocrx_word' id='word_1_11' title='bbox 1256 263 1349 304; x_wconf 85' lang='lat' dir='ltr'>sunt</span> <span class='ocrx_word' id='word_1_12' title='bbox 1378 264 1651 315; x_wconf 81' lang='lat' dir='ltr'>Universales‚</span> 
     </span>
     <span class='ocr_line' id='line_1_3' title="bbox 217 319 1649 381; baseline 0.006 -21"><span class='ocrx_word' id='word_1_13' title='bbox 217 337 303 376; x_wconf 87' lang='lat' dir='ltr'>quae</span> <span class='ocrx_word' id='word_1_14' title='bbox 322 330 453 360; x_wconf 89' lang='lat' dir='ltr'>totum</span> <span class='ocrx_word' id='word_1_15' title='bbox 471 319 667 373; x_wconf 90' lang='lat' dir='ltr'>populum</span> <span class='ocrx_word' id='word_1_16' title='bbox 686 322 723 361; x_wconf 91' lang='lat' dir='ltr'>ei</span> <span class='ocrx_word' id='word_1_17' title='bbox 741 322 964 374; x_wconf 63' lang='lat' dir='ltr'>subjectum</span> <span class='ocrx_word' id='word_1_18' title='bbox 982 324 1235 379; x_wconf 87' lang='lat' dir='ltr'>obstringunt</span> <span class='ocrx_word' id='word_1_19' title='bbox 1252 345 1261 366; x_wconf 74' lang='grc' dir='ltr'><strong><em>ε</em></strong></span> <span class='ocrx_word' id='word_1_20' title='bbox 1290 328 1378 369; x_wconf 87' lang='lat' dir='ltr'>aliae</span> <span class='ocrx_word' id='word_1_21' title='bbox 1410 328 1649 381; x_wconf 83' lang='lat' dir='ltr'><strong>personales,</strong></span> 
     </span>
     <span class='ocr_line' id='line_1_4' title="bbox 218 382 1650 445; baseline 0.005 -21"><span class='ocrx_word' id='word_1_22' title='bbox 218 398 313 438; x_wconf 86' lang='lat' dir='ltr'>quas</span> <span class='ocrx_word' id='word_1_23' title='bbox 332 397 412 423; x_wconf 92' lang='lat' dir='ltr'>non</span> <span class='ocrx_word' id='word_1_24' title='bbox 431 382 503 423; x_wconf 80' lang='lat' dir='ltr'>nifi</span> <span class='ocrx_word' id='word_1_25' title='bbox 521 383 572 423; x_wconf 88' lang='lat' dir='ltr'>ad</span> <span class='ocrx_word' id='word_1_26' title='bbox 591 395 716 424; x_wconf 86' lang='lat' dir='ltr'>certas</span> <span class='ocrx_word' id='word_1_27' title='bbox 733 384 919 437; x_wconf 85' lang='lat' dir='ltr'>personas</span> <span class='ocrx_word' id='word_1_28' title='bbox 937 388 1142 438; x_wconf 87' lang='lat' dir='ltr'>pertinere</span> <span class='ocrx_word' id='word_1_29' title='bbox 1161 390 1262 431; x_wconf 88' lang='lat' dir='ltr'>vult.</span> <span class='ocrx_word' id='word_1_30' title='bbox 1318 393 1421 431; x_wconf 85' lang='lat' dir='ltr'>Nam</span> <span class='ocrx_word' id='word_1_31' title='bbox 1448 391 1559 445; x_wconf 89' lang='lat' dir='ltr'>quod</span> <span class='ocrx_word' id='word_1_32' title='bbox 1577 390 1650 431; x_wconf 83' lang='lat' dir='ltr'>ali-</span> 
     </span>
     <span class='ocr_line' id='line_1_5' title="bbox 214 446 1650 507; baseline 0.003 -18"><span class='ocrx_word' id='word_1_33' title='bbox 214 450 277 489; x_wconf 89' lang='lat' dir='ltr'>cui</span> <span class='ocrx_word' id='word_1_34' title='bbox 305 448 359 488; x_wconf 93' lang='lat' dir='ltr'>ob</span> <span class='ocrx_word' id='word_1_35' title='bbox 379 446 566 487; x_wconf 86' lang='lat' dir='ltr'>meritum</span> <span class='ocrx_word' id='word_1_36' title='bbox 586 447 780 502; x_wconf 80' lang='lat' dir='ltr'>indulget,</span> <span class='ocrx_word' id='word_1_37' title='bbox 810 446 947 498; x_wconf 77' lang='lat' dir='ltr'>(forte</span> <span class='ocrx_word' id='word_1_38' title='bbox 974 450 1237 504; x_wconf 83' lang='lat' dir='ltr'>Privilegium</span> <span class='ocrx_word' id='word_1_39' title='bbox 1265 454 1506 507; x_wconf 78' lang='lat' dir='ltr'>concedens)</span> <span class='ocrx_word' id='word_1_40' title='bbox 1537 455 1602 495; x_wconf 89' lang='lat' dir='ltr'>vel</span> <span class='ocrx_word' id='word_1_41' title='bbox 1624 453 1650 493; x_wconf 85' lang='lat' dir='ltr'><strong>fi</strong></span> 
     </span>
    </p>
   </div>
   <div class='ocr_carea' id='block_1_3' title="bbox 214 511 1650 698">
    <p class='ocr_par' dir='ltr' id='par_1_3' title="bbox 214 511 1650 698">
     <span class='ocr_line' id='line_1_6' title="bbox 214 511 1650 571; baseline 0.006 -21"><span class='ocrx_word' id='word_1_42' title='bbox 214 525 334 565; x_wconf 82' lang='lat' dir='ltr'>quam</span> <span class='ocrx_word' id='word_1_43' title='bbox 351 525 517 564; x_wconf 83' lang='lat' dir='ltr'>poenam</span> <span class='ocrx_word' id='word_1_44' title='bbox 539 513 694 567; x_wconf 82' lang='lat' dir='ltr'>irrogat</span> <span class='ocrx_word' id='word_1_45' title='bbox 710 511 970 567; x_wconf 75' lang='lat' dir='ltr'>fingularem5</span> <span class='ocrx_word' id='word_1_46' title='bbox 1002 515 1067 555; x_wconf 91' lang='lat' dir='ltr'>vel</span> <span class='ocrx_word' id='word_1_47' title='bbox 1085 515 1111 554; x_wconf 88' lang='lat' dir='ltr'>fi</span> <span class='ocrx_word' id='word_1_48' title='bbox 1129 516 1191 556; x_wconf 90' lang='lat' dir='ltr'>cui</span> <span class='ocrx_word' id='word_1_49' title='bbox 1213 515 1290 556; x_wconf 85' lang='lat' dir='ltr'>fine</span> <span class='ocrx_word' id='word_1_50' title='bbox 1309 518 1493 571; x_wconf 82' lang='lat' dir='ltr'>exemplo</span> <span class='ocrx_word' id='word_1_51' title='bbox 1513 519 1650 558; x_wconf 85' lang='lat' dir='ltr'>subve-</span> 
     </span>
     <span class='ocr_line' id='line_1_7' title="bbox 214 575 1649 633; baseline 0.003 -18"><span class='ocrx_word' id='word_1_52' title='bbox 214 579 291 626; x_wconf 84' lang='lat' dir='ltr'>nit,</span> <span class='ocrx_word' id='word_1_53' title='bbox 320 576 448 617; x_wconf 87' lang='lat' dir='ltr'>veluti</span> <span class='ocrx_word' id='word_1_54' title='bbox 467 577 636 630; x_wconf 85' lang='lat' dir='ltr'>gratiam</span> <span class='ocrx_word' id='word_1_55' title='bbox 655 575 800 617; x_wconf 82' lang='lat' dir='ltr'>faciens</span> <span class='ocrx_word' id='word_1_56' title='bbox 828 576 1017 618; x_wconf 84' lang='lat' dir='ltr'>damnato</span> <span class='ocrx_word' id='word_1_57' title='bbox 1036 578 1085 618; x_wconf 87' lang='lat' dir='ltr'>ad</span> <span class='ocrx_word' id='word_1_58' title='bbox 1106 580 1374 633; x_wconf 79' lang='lat' dir='ltr'>Supplicium3</span> <span class='ocrx_word' id='word_1_59' title='bbox 1406 582 1490 622; x_wconf 89' lang='lat' dir='ltr'>haec</span> <span class='ocrx_word' id='word_1_60' title='bbox 1509 595 1581 622; x_wconf 88' lang='lat' dir='ltr'>nec</span> <span class='ocrx_word' id='word_1_61' title='bbox 1609 580 1649 620; x_wconf 87' lang='lat' dir='ltr'>in</span> 
     </span>
     <span class='ocr_line' id='line_1_8' title="bbox 214 641 1403 698; baseline 0.003 -18"><span class='ocrx_word' id='word_1_62' title='bbox 214 641 446 696; x_wconf 86' lang='lat' dir='ltr'>Exemplum</span> <span class='ocrx_word' id='word_1_63' title='bbox 461 641 688 690; x_wconf 83' lang='lat' dir='ltr'>trahuntur,</span> <span class='ocrx_word' id='word_1_64' title='bbox 716 656 788 682; x_wconf 91' lang='lat' dir='ltr'>nec</span> <span class='ocrx_word' id='word_1_65' title='bbox 806 641 1016 695; x_wconf 81' lang='lat' dir='ltr'>personam</span> <span class='ocrx_word' id='word_1_66' title='bbox 1038 643 1403 698; x_wconf 81' lang='lat' dir='ltr'>transgrediuntur,</span> 
     </span>
    </p>
   </div>
   <div class='ocr_carea' id='block_1_4' title="bbox 213 750 1665 1646">
    <p class='ocr_par' dir='ltr' id='par_1_4' title="bbox 215 750 1661 1360">
     <span class='ocr_line' id='line_1_9' title="bbox 263 750 1651 796; baseline 0.001 -9"><span class='ocrx_word' id='word_1_67' title='bbox 263 754 316 786; x_wconf 89' lang='lat' dir='ltr'>De</span> <span class='ocrx_word' id='word_1_68' title='bbox 336 752 397 787; x_wconf 92' lang='lat' dir='ltr'>hac</span> <span class='ocrx_word' id='word_1_69' title='bbox 418 751 491 796; x_wconf 82' lang='lat' dir='ltr'>lege</span> <span class='ocrx_word' id='word_1_70' title='bbox 509 750 621 786; x_wconf 82' lang='lat' dir='ltr'>multae</span> <span class='ocrx_word' id='word_1_71' title='bbox 641 762 746 786; x_wconf 80' lang='lat' dir='ltr'>enatae</span> <span class='ocrx_word' id='word_1_72' title='bbox 763 751 838 786; x_wconf 91' lang='lat' dir='ltr'>sunt</span> <span class='ocrx_word' id='word_1_73' title='bbox 855 753 944 788; x_wconf 86' lang='lat' dir='ltr'>inter</span> <span class='ocrx_word' id='word_1_74' title='bbox 960 752 1111 788; x_wconf 82' lang='lat' dir='ltr'>eruditos</span> <span class='ocrx_word' id='word_1_75' title='bbox 1128 753 1358 789; x_wconf 60' lang='lat' dir='ltr'>controversiae</span> <span class='ocrx_word' id='word_1_76' title='bbox 1375 767 1384 796; x_wconf 83' lang='lat'>3</span> <span class='ocrx_word' id='word_1_77' title='bbox 1412 757 1478 790; x_wconf 82' lang='lat' dir='ltr'>Res</span> <span class='ocrx_word' id='word_1_78' title='bbox 1502 767 1581 790; x_wconf 90' lang='lat' dir='ltr'>vero</span> <span class='ocrx_word' id='word_1_79' title='bbox 1604 756 1651 789; x_wconf 84' lang='lat' dir='ltr'>ita</span> 
     </span>
     <span class='ocr_line' id='line_1_10' title="bbox 215 797 1651 844; baseline 0.001 -10"><span class='ocrx_word' id='word_1_80' title='bbox 215 797 246 834; x_wconf 87' lang='lat' dir='ltr'>se</span> <span class='ocrx_word' id='word_1_81' title='bbox 262 799 396 835; x_wconf 87' lang='lat' dir='ltr'>videtur</span> <span class='ocrx_word' id='word_1_82' title='bbox 421 798 577 833; x_wconf 74' lang='lat' dir='ltr'>habuisse.</span> <span class='ocrx_word' id='word_1_83' title='bbox 630 799 745 844; x_wconf 86' lang='lat' dir='ltr'>Qum</span> <span class='ocrx_word' id='word_1_84' title='bbox 764 800 927 843; x_wconf 83' lang='lat' dir='ltr'>Augustus</span> <span class='ocrx_word' id='word_1_85' title='bbox 943 802 1058 835; x_wconf 85' lang='lat' dir='ltr'>omnia</span> <span class='ocrx_word' id='word_1_86' title='bbox 1078 802 1241 836; x_wconf 83' lang='lat' dir='ltr'>intestinis</span> <span class='ocrx_word' id='word_1_87' title='bbox 1262 801 1341 836; x_wconf 64' lang='lat' dir='ltr'>felia</span> <span class='ocrx_word' id='word_1_88' title='bbox 1359 801 1497 837; x_wconf 73' lang='lat' dir='ltr'>dissidiis</span> <span class='ocrx_word' id='word_1_89' title='bbox 1514 803 1651 836; x_wconf 86' lang='lat' dir='ltr'>nomine</span> 
     </span>
     <span class='ocr_line' id='line_1_11' title="bbox 215 846 1654 896; baseline 0.002 -16"><span class='ocrx_word' id='word_1_90' title='bbox 215 847 381 893; x_wconf 85' lang='lat' dir='ltr'>Principis</span> <span class='ocrx_word' id='word_1_91' title='bbox 401 848 432 879; x_wconf 87' lang='lat' dir='ltr'>in</span> <span class='ocrx_word' id='word_1_92' title='bbox 452 846 649 892; x_wconf 88' lang='lat' dir='ltr'>potestatem</span> <span class='ocrx_word' id='word_1_93' title='bbox 670 851 759 881; x_wconf 87' lang='lat' dir='ltr'>luam</span> <span class='ocrx_word' id='word_1_94' title='bbox 779 847 975 894; x_wconf 79' lang='lat' dir='ltr'>recepisset3</span> <span class='ocrx_word' id='word_1_95' title='bbox 1003 848 1146 883; x_wconf 83' lang='lat' dir='ltr'>Senatus</span> <span class='ocrx_word' id='word_1_96' title='bbox 1164 851 1259 896; x_wconf 68' lang='lat' dir='ltr'>aeque</span> <span class='ocrx_word' id='word_1_97' title='bbox 1277 862 1314 883; x_wconf 90' lang='lat' dir='ltr'>ac</span> <span class='ocrx_word' id='word_1_98' title='bbox 1331 849 1473 896; x_wconf 85' lang='lat' dir='ltr'>populus</span> <span class='ocrx_word' id='word_1_99' title='bbox 1487 850 1517 883; x_wconf 91' lang='lat' dir='ltr'>ei</span> <span class='ocrx_word' id='word_1_100' title='bbox 1537 848 1654 883; x_wconf 73' lang='lat' dir='ltr'>sensim</span> 
     </span>
     <span class='ocr_line' id='line_1_12' title="bbox 218 892 1650 944; baseline 0.001 -17"><span class='ocrx_word' id='word_1_101' title='bbox 218 893 329 939; x_wconf 89' lang='lat' dir='ltr'>plures</span> <span class='ocrx_word' id='word_1_102' title='bbox 347 894 489 927; x_wconf 87' lang='lat' dir='ltr'>honores</span> <span class='ocrx_word' id='word_1_103' title='bbox 506 892 668 938; x_wconf 86' lang='lat' dir='ltr'>decrevit,</span> <span class='ocrx_word' id='word_1_104' title='bbox 698 897 735 929; x_wconf 91' lang='lat'>&amp;</span> <span class='ocrx_word' id='word_1_105' title='bbox 752 894 856 928; x_wconf 91' lang='lat' dir='ltr'>modo</span> <span class='ocrx_word' id='word_1_106' title='bbox 875 895 970 937; x_wconf 80' lang='lat' dir='ltr'>hanc,</span> <span class='ocrx_word' id='word_1_107' title='bbox 997 894 1099 929; x_wconf 91' lang='lat' dir='ltr'>modo</span> <span class='ocrx_word' id='word_1_108' title='bbox 1118 896 1210 930; x_wconf 84' lang='lat' dir='ltr'>illam</span> <span class='ocrx_word' id='word_1_109' title='bbox 1232 897 1262 928; x_wconf 59' lang='lat'>‘13³</span> <span class='ocrx_word' id='word_1_110' title='bbox 1277 898 1351 930; x_wconf 72' lang='grc' dir='ltr'>κυεὲκ</span> <span class='ocrx_word' id='word_1_111' title='bbox 1370 907 1499 944; x_wconf 87' lang='lat' dir='ltr'>partem</span> <span class='ocrx_word' id='word_1_112' title='bbox 1516 895 1650 931; x_wconf 86' lang='lat' dir='ltr'>detulit.</span> 
     </span>
     <span class='ocr_line' id='line_1_13' title="bbox 215 941 1655 991; baseline 0.001 -17"><span class='ocrx_word' id='word_1_113' title='bbox 215 941 270 975; x_wconf 83' lang='lat' dir='ltr'>Sic</span> <span class='ocrx_word' id='word_1_114' title='bbox 288 944 383 975; x_wconf 89' lang='lat' dir='ltr'>Anno</span> <span class='ocrx_word' id='word_1_115' title='bbox 396 953 464 975; x_wconf 85' lang='lat' dir='ltr'>v.c.</span> <span class='ocrx_word' id='word_1_116' title='bbox 485 953 665 977; x_wconf 78' lang='lat' dir='ltr'>DCCxxxv.</span> <span class='ocrx_word' id='word_1_117' title='bbox 692 942 724 975; x_wconf 88' lang='lat' dir='ltr'>ei</span> <span class='ocrx_word' id='word_1_118' title='bbox 751 941 904 976; x_wconf 70' lang='lat' dir='ltr'>concessa</span> <span class='ocrx_word' id='word_1_119' title='bbox 920 941 1120 977; x_wconf 90' lang='lat' dir='ltr'>Tribunicia</span> <span class='ocrx_word' id='word_1_120' title='bbox 1143 943 1287 978; x_wconf 76' lang='lat' dir='ltr'>Potestas</span> <span class='ocrx_word' id='word_1_121' title='bbox 1304 957 1362 991; x_wconf 88' lang='lat' dir='ltr'>per</span> <span class='ocrx_word' id='word_1_122' title='bbox 1387 956 1522 979; x_wconf 89' lang='lat' dir='ltr'>omnem</span> <span class='ocrx_word' id='word_1_123' title='bbox 1539 945 1655 984; x_wconf 83' lang='lat' dir='ltr'>vitam,</span> 
     </span>
     <span class='ocr_line' id='line_1_14' title="bbox 217 987 1657 1038; baseline 0.002 -17"><span class='ocrx_word' id='word_1_124' title='bbox 217 998 422 1035; x_wconf 82' lang='lat' dir='ltr'>cautumque</span> <span class='ocrx_word' id='word_1_125' title='bbox 439 998 475 1022; x_wconf 84' lang='lat' dir='ltr'>ut</span> <span class='ocrx_word' id='word_1_126' title='bbox 492 987 534 1022; x_wconf 92' lang='lat' dir='ltr'>ad</span> <span class='ocrx_word' id='word_1_127' title='bbox 550 989 731 1033; x_wconf 84' lang='lat' dir='ltr'>Augustum</span> <span class='ocrx_word' id='word_1_128' title='bbox 751 990 996 1036; x_wconf 82' lang='lat' dir='ltr'>provocarejus</span> <span class='ocrx_word' id='word_1_129' title='bbox 1013 989 1106 1032; x_wconf 81' lang='lat' dir='ltr'>effet,</span> <span class='ocrx_word' id='word_1_130' title='bbox 1133 1000 1236 1037; x_wconf 87' lang='lat' dir='ltr'>utque</span> <span class='ocrx_word' id='word_1_131' title='bbox 1249 991 1319 1038; x_wconf 88' lang='lat' dir='ltr'>ipse</span> <span class='ocrx_word' id='word_1_132' title='bbox 1338 993 1372 1025; x_wconf 89' lang='lat' dir='ltr'>in</span> <span class='ocrx_word' id='word_1_133' title='bbox 1393 991 1551 1026; x_wconf 84' lang='lat' dir='ltr'>omnibus</span> <span class='ocrx_word' id='word_1_134' title='bbox 1565 989 1657 1037; x_wconf 86' lang='lat' dir='ltr'>judi-</span> 
     </span>
     <span class='ocr_line' id='line_1_15' title="bbox 218 1034 1657 1083; baseline 0.003 -14"><span class='ocrx_word' id='word_1_135' title='bbox 218 1036 280 1069; x_wconf 89' lang='lat' dir='ltr'>ciis</span> <span class='ocrx_word' id='word_1_136' title='bbox 299 1034 492 1078; x_wconf 87' lang='lat' dir='ltr'>suffragium</span> <span class='ocrx_word' id='word_1_137' title='bbox 510 1037 674 1070; x_wconf 88' lang='lat' dir='ltr'>Minervae</span> <span class='ocrx_word' id='word_1_138' title='bbox 688 1034 800 1070; x_wconf 86' lang='lat' dir='ltr'>ferret.</span> <span class='ocrx_word' id='word_1_139' title='bbox 854 1039 940 1070; x_wconf 87' lang='lat' dir='ltr'>Mox</span> <span class='ocrx_word' id='word_1_140' title='bbox 955 1039 1051 1071; x_wconf 85' lang='lat' dir='ltr'>Anno</span> <span class='ocrx_word' id='word_1_141' title='bbox 1066 1050 1135 1072; x_wconf 88' lang='lat' dir='ltr'>v.c.</span> <span class='ocrx_word' id='word_1_142' title='bbox 1158 1050 1357 1073; x_wconf 82' lang='lat' dir='ltr'>Dccxxvn.</span> <span class='ocrx_word' id='word_1_143' title='bbox 1380 1037 1566 1073; x_wconf 76' lang='lat' dir='ltr'>Consulatu</span> <span class='ocrx_word' id='word_1_144' title='bbox 1584 1036 1657 1083; x_wconf 88' lang='lat' dir='ltr'>sep-</span> 
     </span>
     <span class='ocr_line' id='line_1_16' title="bbox 218 1081 1654 1131; baseline 0.002 -16"><span class='ocrx_word' id='word_1_145' title='bbox 218 1083 316 1125; x_wconf 89' lang='lat' dir='ltr'>timo,</span> <span class='ocrx_word' id='word_1_146' title='bbox 333 1082 457 1117; x_wconf 83' lang='lat' dir='ltr'>solutus</span> <span class='ocrx_word' id='word_1_147' title='bbox 471 1081 515 1116; x_wconf 88' lang='lat' dir='ltr'>est</span> <span class='ocrx_word' id='word_1_148' title='bbox 527 1084 690 1127; x_wconf 86' lang='lat' dir='ltr'>Augustus</span> <span class='ocrx_word' id='word_1_149' title='bbox 703 1082 843 1126; x_wconf 85' lang='lat' dir='ltr'>legibus,</span> <span class='ocrx_word' id='word_1_150' title='bbox 860 1083 965 1130; x_wconf 86' lang='lat' dir='ltr'>idque</span> <span class='ocrx_word' id='word_1_151' title='bbox 977 1083 1092 1119; x_wconf 89' lang='lat' dir='ltr'>denuo</span> <span class='ocrx_word' id='word_1_152' title='bbox 1108 1087 1289 1131; x_wconf 86' lang='lat' dir='ltr'>repetitum</span> <span class='ocrx_word' id='word_1_153' title='bbox 1298 1089 1393 1120; x_wconf 85' lang='lat' dir='ltr'>Anno</span> <span class='ocrx_word' id='word_1_154' title='bbox 1407 1098 1476 1120; x_wconf 87' lang='lat' dir='ltr'>v.c.</span> <span class='ocrx_word' id='word_1_155' title='bbox 1491 1098 1654 1121; x_wconf 72' lang='lat' dir='ltr'>mccxxx.</span> 
     </span>
     <span class='ocr_line' id='line_1_17' title="bbox 219 1129 1661 1178; baseline 0.001 -13"><span class='ocrx_word' id='word_1_156' title='bbox 219 1131 324 1165; x_wconf 89' lang='lat' dir='ltr'>Porro</span> <span class='ocrx_word' id='word_1_157' title='bbox 350 1141 438 1164; x_wconf 80' lang='lat' dir='ltr'>anno</span> <span class='ocrx_word' id='word_1_158' title='bbox 463 1142 528 1164; x_wconf 79' lang='lat' dir='ltr'>v-c.</span> <span class='ocrx_word' id='word_1_159' title='bbox 547 1142 729 1165; x_wconf 81' lang='lat' dir='ltr'>Dccxxx1.</span> <span class='ocrx_word' id='word_1_160' title='bbox 750 1129 858 1164; x_wconf 86' lang='lat' dir='ltr'>eidem</span> <span class='ocrx_word' id='word_1_161' title='bbox 879 1131 1093 1166; x_wconf 84' lang='lat' dir='ltr'>undecimum</span> <span class='ocrx_word' id='word_1_162' title='bbox 1109 1131 1248 1167; x_wconf 89' lang='lat' dir='ltr'>Consuli</span> <span class='ocrx_word' id='word_1_163' title='bbox 1276 1132 1471 1178; x_wconf 77' lang='lat' dir='ltr'>permissum</span> <span class='ocrx_word' id='word_1_164' title='bbox 1491 1133 1537 1168; x_wconf 91' lang='lat' dir='ltr'>est</span> <span class='ocrx_word' id='word_1_165' title='bbox 1563 1145 1582 1166; x_wconf 89' lang='lat' dir='ltr'>a</span> <span class='ocrx_word' id='word_1_166' title='bbox 1602 1133 1661 1166; x_wconf 90' lang='lat' dir='ltr'>Se-</span> 
     </span>
     <span class='ocr_line' id='line_1_18' title="bbox 220 1176 1658 1226; baseline 0.003 -17"><span class='ocrx_word' id='word_1_167' title='bbox 220 1186 312 1217; x_wconf 87' lang='lat' dir='ltr'>natu,</span> <span class='ocrx_word' id='word_1_168' title='bbox 326 1187 361 1209; x_wconf 83' lang='lat' dir='ltr'>ut</span> <span class='ocrx_word' id='word_1_169' title='bbox 376 1176 558 1209; x_wconf 86' lang='lat' dir='ltr'>Proconsul</span> <span class='ocrx_word' id='word_1_170' title='bbox 572 1176 699 1222; x_wconf 80' lang='lat' dir='ltr'>semper</span> <span class='ocrx_word' id='word_1_171' title='bbox 713 1176 806 1216; x_wconf 83' lang='lat' dir='ltr'>effet,</span> <span class='ocrx_word' id='word_1_172' title='bbox 822 1177 1008 1222; x_wconf 83' lang='lat' dir='ltr'>liceretque</span> <span class='ocrx_word' id='word_1_173' title='bbox 1024 1180 1067 1219; x_wconf 89' lang='lat' dir='ltr'>ei,</span> <span class='ocrx_word' id='word_1_174' title='bbox 1085 1179 1351 1226; x_wconf 83' lang='lat' dir='ltr'>quotiescunque</span> <span class='ocrx_word' id='word_1_175' title='bbox 1365 1179 1481 1222; x_wconf 90' lang='lat' dir='ltr'>vellet,</span> <span class='ocrx_word' id='word_1_176' title='bbox 1498 1179 1540 1214; x_wconf 92' lang='lat' dir='ltr'>ad</span> <span class='ocrx_word' id='word_1_177' title='bbox 1554 1180 1658 1214; x_wconf 89' lang='lat' dir='ltr'>Sena-</span> 
     </span>
     <span class='ocr_line' id='line_1_19' title="bbox 221 1219 1661 1270; baseline 0.003 -15"><span class='ocrx_word' id='word_1_178' title='bbox 221 1232 292 1255; x_wconf 87' lang='lat' dir='ltr'>tum</span> <span class='ocrx_word' id='word_1_179' title='bbox 308 1220 443 1262; x_wconf 80' lang='lat' dir='ltr'>referre,</span> <span class='ocrx_word' id='word_1_180' title='bbox 466 1219 615 1267; x_wconf 88' lang='lat' dir='ltr'>denique</span> <span class='ocrx_word' id='word_1_181' title='bbox 633 1223 666 1255; x_wconf 90' lang='lat' dir='ltr'>in</span> <span class='ocrx_word' id='word_1_182' title='bbox 689 1223 875 1256; x_wconf 84' lang='lat' dir='ltr'>Provinciis</span> <span class='ocrx_word' id='word_1_183' title='bbox 903 1224 1011 1270; x_wconf 88' lang='lat' dir='ltr'>major</span> <span class='ocrx_word' id='word_1_184' title='bbox 1028 1223 1107 1257; x_wconf 85' lang='lat' dir='ltr'>effct</span> <span class='ocrx_word' id='word_1_185' title='bbox 1125 1226 1194 1270; x_wconf 84' lang='lat' dir='ltr'>ejus</span> <span class='ocrx_word' id='word_1_186' title='bbox 1217 1237 1321 1270; x_wconf 88' lang='lat' dir='ltr'>quarn</span> <span class='ocrx_word' id='word_1_187' title='bbox 1339 1226 1578 1260; x_wconf 61' lang='lat' dir='ltr'>Praefectorum</span> <span class='ocrx_word' id='word_1_188' title='bbox 1593 1228 1661 1260; x_wconf 85' lang='lat' dir='ltr'>Au-</span> 
     </span>
     <span class='ocr_line' id='line_1_20' title="bbox 221 1267 1660 1310; baseline 0.002 -7"><span class='ocrx_word' id='word_1_189' title='bbox 221 1269 372 1303; x_wconf 59' lang='lat' dir='ltr'>eim-itas.</span> <span class='ocrx_word' id='word_1_190' title='bbox 425 1267 520 1310; x_wconf 85' lang='lat' dir='ltr'>Qin</span> <span class='ocrx_word' id='word_1_191' title='bbox 547 1268 646 1301; x_wconf 91' lang='lat' dir='ltr'>Anno</span> <span class='ocrx_word' id='word_1_192' title='bbox 671 1280 737 1302; x_wconf 60' lang='lat' dir='ltr'>wc.</span> <span class='ocrx_word' id='word_1_193' title='bbox 757 1279 936 1303; x_wconf 86' lang='lat' dir='ltr'>Dccxxxv.</span> <span class='ocrx_word' id='word_1_194' title='bbox 967 1269 1165 1304; x_wconf 78' lang='lat' dir='ltr'>facultatem</span> <span class='ocrx_word' id='word_1_195' title='bbox 1195 1273 1227 1305; x_wconf 87' lang='lat' dir='ltr'>ei</span> <span class='ocrx_word' id='word_1_196' title='bbox 1253 1271 1423 1308; x_wconf 87' lang='lat' dir='ltr'>dederunt</span> <span class='ocrx_word' id='word_1_197' title='bbox 1452 1271 1660 1307; x_wconf 83' lang='lat' dir='ltr'>emendandi</span> 
     </span>
     <span class='ocr_line' id='line_1_21' title="bbox 221 1313 1179 1360; baseline 0.001 -11"><span class='ocrx_word' id='word_1_198' title='bbox 221 1316 332 1349; x_wconf 88' lang='lat' dir='ltr'>omnia</span> <span class='ocrx_word' id='word_1_199' title='bbox 350 1314 408 1348; x_wconf 90' lang='lat' dir='ltr'>suo</span> <span class='ocrx_word' id='word_1_200' title='bbox 427 1313 587 1356; x_wconf 78' lang='lat' dir='ltr'>Arbitrio,</span> <span class='ocrx_word' id='word_1_201' title='bbox 614 1327 652 1348; x_wconf 87' lang='lat' dir='ltr'>ac</span> <span class='ocrx_word' id='word_1_202' title='bbox 666 1313 767 1357; x_wconf 84' lang='lat' dir='ltr'>leges,</span> <span class='ocrx_word' id='word_1_203' title='bbox 794 1326 874 1360; x_wconf 82' lang='lat' dir='ltr'>quas</span> <span class='ocrx_word' id='word_1_204' title='bbox 892 1315 1008 1357; x_wconf 89' lang='lat' dir='ltr'>vellet,</span> <span class='ocrx_word' id='word_1_205' title='bbox 1034 1315 1179 1350; x_wconf 89' lang='lat' dir='ltr'>ferendi.</span> 
     </span>
    </p>

    <p class='ocr_par' dir='ltr' id='par_1_5' title="bbox 213 1359 1665 1646">
     <span class='ocr_line' id='line_1_22' title="bbox 270 1359 1663 1413; baseline 0.004 -18"><span class='ocrx_word' id='word_1_206' title='bbox 270 1364 347 1395; x_wconf 73' lang='lat' dir='ltr'>Haec</span> <span class='ocrx_word' id='word_1_207' title='bbox 367 1363 495 1407; x_wconf 85' lang='lat' dir='ltr'>itaque,</span> <span class='ocrx_word' id='word_1_208' title='bbox 522 1359 654 1407; x_wconf 85' lang='lat' dir='ltr'>aliaque</span> <span class='ocrx_word' id='word_1_209' title='bbox 673 1373 740 1396; x_wconf 89' lang='lat' dir='ltr'>s.c.</span> <span class='ocrx_word' id='word_1_210' title='bbox 765 1362 799 1394; x_wconf 85' lang='lat' dir='ltr'>in</span> <span class='ocrx_word' id='word_1_211' title='bbox 828 1363 968 1404; x_wconf 79' lang='lat' dir='ltr'>gratiam</span> <span class='ocrx_word' id='word_1_212' title='bbox 984 1362 1119 1407; x_wconf 84' lang='lat' dir='ltr'>Augusti</span> <span class='ocrx_word' id='word_1_213' title='bbox 1144 1362 1284 1398; x_wconf 77' lang='lat' dir='ltr'>subinde</span> <span class='ocrx_word' id='word_1_214' title='bbox 1302 1364 1403 1409; x_wconf 62' lang='lat' dir='ltr'>faeta,</span> <span class='ocrx_word' id='word_1_215' title='bbox 1430 1366 1539 1413; x_wconf 89' lang='lat' dir='ltr'>postea</span> <span class='ocrx_word' id='word_1_216' title='bbox 1555 1368 1663 1413; x_wconf 85' lang='lat' dir='ltr'>repeti</span> 
     </span>
     <span class='ocr_line' id='line_1_23' title="bbox 220 1406 1663 1460; baseline 0.004 -18"><span class='ocrx_word' id='word_1_217' title='bbox 220 1407 472 1448; x_wconf 85' lang='lat' dir='ltr'>consueverant,</span> <span class='ocrx_word' id='word_1_218' title='bbox 496 1406 768 1456; x_wconf 86' lang='lat' dir='ltr'>quotiescunque</span> <span class='ocrx_word' id='word_1_219' title='bbox 794 1410 872 1442; x_wconf 91' lang='lat' dir='ltr'>novi</span> <span class='ocrx_word' id='word_1_220' title='bbox 894 1410 1116 1457; x_wconf 82' lang='lat' dir='ltr'>Imperatores</span> <span class='ocrx_word' id='word_1_221' title='bbox 1134 1410 1339 1446; x_wconf 86' lang='lat' dir='ltr'>inchoabant</span> <span class='ocrx_word' id='word_1_222' title='bbox 1357 1414 1554 1460; x_wconf 88' lang='lat' dir='ltr'>Imperium.</span> <span class='ocrx_word' id='word_1_223' title='bbox 1607 1414 1663 1448; x_wconf 88' lang='lat' dir='ltr'>Sic</span> 
     </span>
     <span class='ocr_line' id='line_1_24' title="bbox 219 1454 1663 1506; baseline 0.003 -17"><span class='ocrx_word' id='word_1_224' title='bbox 219 1454 262 1489; x_wconf 89' lang='lat' dir='ltr'>de</span> <span class='ocrx_word' id='word_1_225' title='bbox 278 1454 408 1502; x_wconf 87' lang='lat' dir='ltr'>Vespas.</span> <span class='ocrx_word' id='word_1_226' title='bbox 436 1457 547 1489; x_wconf 89' lang='lat' dir='ltr'>Tacit.</span> <span class='ocrx_word' id='word_1_227' title='bbox 566 1455 648 1490; x_wconf 89' lang='lat' dir='ltr'>Hist.</span> <span class='ocrx_word' id='word_1_228' title='bbox 665 1468 715 1490; x_wconf 91' lang='lat'>11.</span> <span class='ocrx_word' id='word_1_229' title='bbox 740 1455 939 1501; x_wconf 86' lang='lat' dir='ltr'>3.—Tum</span> <span class='ocrx_word' id='word_1_230' title='bbox 961 1459 1087 1492; x_wconf 74' lang='lat' dir='ltr'>Senatus</span> <span class='ocrx_word' id='word_1_231' title='bbox 1111 1460 1211 1493; x_wconf 84' lang='lat' dir='ltr'>omnia</span> <span class='ocrx_word' id='word_1_232' title='bbox 1228 1460 1411 1505; x_wconf 76' lang='lat' dir='ltr'>Principibus</span> <span class='ocrx_word' id='word_1_233' title='bbox 1426 1461 1520 1506; x_wconf 78' lang='lat' dir='ltr'>solita</span> <span class='ocrx_word' id='word_1_234' title='bbox 1552 1460 1663 1506; x_wconf 81' lang='lat' dir='ltr'>Vespa-</span> 
     </span>
     <span class='ocr_line' id='line_1_25' title="bbox 213 1502 1664 1555; baseline 0.004 -19"><span class='ocrx_word' id='word_1_235' title='bbox 213 1503 297 1549; x_wconf 82' lang='lat' dir='ltr'>fiano</span> <span class='ocrx_word' id='word_1_236' title='bbox 314 1504 456 1536; x_wconf 81' lang='lat' dir='ltr'>decrevit.</span> <span class='ocrx_word' id='word_1_237' title='bbox 509 1503 637 1537; x_wconf 85' lang='lat' dir='ltr'>Omnia</span> <span class='ocrx_word' id='word_1_238' title='bbox 655 1515 736 1547; x_wconf 85' lang='lat' dir='ltr'>ergo</span> <span class='ocrx_word' id='word_1_239' title='bbox 753 1502 810 1538; x_wconf 88' lang='lat' dir='ltr'>illa</span> <span class='ocrx_word' id='word_1_240' title='bbox 825 1516 850 1538; x_wconf 86' lang='lat' dir='ltr'>s.</span> <span class='ocrx_word' id='word_1_241' title='bbox 863 1516 892 1538; x_wconf 89' lang='lat' dir='ltr'>c.</span> <span class='ocrx_word' id='word_1_242' title='bbox 913 1517 979 1539; x_wconf 93' lang='lat' dir='ltr'>non</span> <span class='ocrx_word' id='word_1_243' title='bbox 1005 1517 1075 1539; x_wconf 88' lang='lat' dir='ltr'>uno</span> <span class='ocrx_word' id='word_1_244' title='bbox 1097 1504 1289 1553; x_wconf 88' lang='lat' dir='ltr'>eodemque</span> <span class='ocrx_word' id='word_1_245' title='bbox 1308 1517 1460 1555; x_wconf 88' lang='lat' dir='ltr'>tempore</span> <span class='ocrx_word' id='word_1_246' title='bbox 1482 1506 1581 1550; x_wconf 65' lang='lat' dir='ltr'>facta,</span> <span class='ocrx_word' id='word_1_247' title='bbox 1608 1507 1664 1542; x_wconf 86' lang='lat' dir='ltr'>sae-</span> 
     </span>
     <span class='ocr_line' id='line_1_26' title="bbox 222 1547 1665 1599; baseline 0.005 -17"><span class='ocrx_word' id='word_1_248' title='bbox 222 1547 361 1596; x_wconf 87' lang='lat' dir='ltr'>piusque</span> <span class='ocrx_word' id='word_1_249' title='bbox 379 1548 503 1583; x_wconf 90' lang='lat' dir='ltr'>deinde</span> <span class='ocrx_word' id='word_1_250' title='bbox 521 1551 678 1597; x_wconf 87' lang='lat' dir='ltr'>repetita,</span> <span class='ocrx_word' id='word_1_251' title='bbox 699 1549 795 1584; x_wconf 90' lang='lat' dir='ltr'>fimul</span> <span class='ocrx_word' id='word_1_252' title='bbox 812 1549 955 1599; x_wconf 87' lang='lat' dir='ltr'>sumpta,</span> <span class='ocrx_word' id='word_1_253' title='bbox 975 1564 1043 1587; x_wconf 70' lang='lat' dir='ltr'>tex</span> <span class='ocrx_word' id='word_1_254' title='bbox 1071 1564 1226 1588; x_wconf 67' lang='lat' dir='ltr'>IMPERII</span> <span class='ocrx_word' id='word_1_255' title='bbox 1254 1555 1365 1588; x_wconf 89' lang='lat' dir='ltr'>vocari</span> <span class='ocrx_word' id='word_1_256' title='bbox 1384 1554 1627 1590; x_wconf 86' lang='lat' dir='ltr'>consueverunt</span> <span class='ocrx_word' id='word_1_257' title='bbox 1644 1567 1665 1589; x_wconf 81' lang='lat' dir='ltr'>a</span> 
     </span>
     <span class='ocr_line' id='line_1_27' title="bbox 221 1594 1664 1646; baseline 0.004 -17"><span class='ocrx_word' id='word_1_258' title='bbox 221 1594 483 1643; x_wconf 73' lang='lat' dir='ltr'>Juril&#39;consultiS,</span> <span class='ocrx_word' id='word_1_259' title='bbox 502 1608 538 1631; x_wconf 89' lang='lat' dir='ltr'>ut</span> <span class='ocrx_word' id='word_1_260' title='bbox 556 1600 591 1632; x_wconf 77' lang='grc' dir='ltr'>δε</span> <span class='ocrx_word' id='word_1_261' title='bbox 607 1609 674 1632; x_wconf 65' lang='lat' dir='ltr'>tex</span> <span class='ocrx_word' id='word_1_262' title='bbox 698 1610 828 1641; x_wconf 73' lang='lat' dir='ltr'>REG1A;</span> <span class='ocrx_word' id='word_1_263' title='bbox 852 1599 1024 1646; x_wconf 88' lang='lat' dir='ltr'>exemplo,</span> <span class='ocrx_word' id='word_1_264' title='bbox 1043 1609 1081 1634; x_wconf 92' lang='lat' dir='ltr'>ut</span> <span class='ocrx_word' id='word_1_265' title='bbox 1097 1602 1231 1646; x_wconf 87' lang='lat' dir='ltr'>opinor,</span> <span class='ocrx_word' id='word_1_266' title='bbox 1251 1611 1401 1637; x_wconf 87' lang='lat' dir='ltr'>veterum</span> <span class='ocrx_word' id='word_1_267' title='bbox 1414 1603 1664 1645; x_wconf 81' lang='lat' dir='ltr'>Romanorum,</span> 
     </span>
    </p>
   </div>
   <div class='ocr_carea' id='block_1_5' title="bbox 222 1643 1664 1736">
    <p class='ocr_par' dir='ltr' id='par_1_6' title="bbox 222 1643 1664 1736">
     <span class='ocr_line' id='line_1_28' title="bbox 223 1643 1664 1694; baseline 0.006 -17"><span class='ocrx_word' id='word_1_268' title='bbox 223 1645 294 1690; x_wconf 87' lang='lat' dir='ltr'>qui,</span> <span class='ocrx_word' id='word_1_269' title='bbox 308 1643 404 1677; x_wconf 91' lang='lat' dir='ltr'>Urbe</span> <span class='ocrx_word' id='word_1_270' title='bbox 422 1645 476 1678; x_wconf 88' lang='lat' dir='ltr'>vix</span> <span class='ocrx_word' id='word_1_271' title='bbox 494 1644 583 1687; x_wconf 59' lang='lat' dir='ltr'>natfi,</span> <span class='ocrx_word' id='word_1_272' title='bbox 602 1644 753 1679; x_wconf 84' lang='lat' dir='ltr'>Romulo</span> <span class='ocrx_word' id='word_1_273' title='bbox 769 1643 954 1693; x_wconf 84' lang='lat' dir='ltr'>supremam</span> <span class='ocrx_word' id='word_1_274' title='bbox 974 1647 1173 1694; x_wconf 87' lang='lat' dir='ltr'>potestatem</span> <span class='ocrx_word' id='word_1_275' title='bbox 1193 1647 1418 1685; x_wconf 83' lang='lat' dir='ltr'>concefferant</span> <span class='ocrx_word' id='word_1_276' title='bbox 1431 1651 1523 1694; x_wconf 86' lang='lat' dir='ltr'>Lege</span> <span class='ocrx_word' id='word_1_277' title='bbox 1539 1648 1664 1694; x_wconf 70' lang='lat' dir='ltr'>Regia,</span> 
     </span>
     <span class='ocr_line' id='line_1_29' title="bbox 222 1691 1306 1736; baseline 0.004 -11"><span class='ocrx_word' id='word_1_278' title='bbox 222 1691 318 1736; x_wconf 86' lang='lat' dir='ltr'>cujus</span> <span class='ocrx_word' id='word_1_279' title='bbox 340 1692 494 1725; x_wconf 86' lang='lat' dir='ltr'>meminit</span> <span class='ocrx_word' id='word_1_280' title='bbox 511 1693 584 1726; x_wconf 89' lang='lat' dir='ltr'>Liv.</span> <span class='ocrx_word' id='word_1_281' title='bbox 604 1691 823 1729; x_wconf 84' lang='lat' dir='ltr'>Lib.xxx1v.</span> <span class='ocrx_word' id='word_1_282' title='bbox 840 1698 873 1727; x_wconf 90' lang='lat'>6.</span> <span class='ocrx_word' id='word_1_283' title='bbox 1297 1695 1306 1704; x_wconf 88' lang='lat'>&#39;</span> 
     </span>
    </p>
   </div>
   <div class='ocr_carea' id='block_1_6' title="bbox 228 1737 1670 2216">
    <p class='ocr_par' dir='ltr' id='par_1_7' title="bbox 271 1737 1039 1787">
     <span class='ocr_line' id='line_1_30' title="bbox 271 1737 1039 1787; baseline 0.003 -14"><span class='ocrx_word' id='word_1_284' title='bbox 271 1737 322 1773; x_wconf 83' lang='lat' dir='ltr'>Ad</span> <span class='ocrx_word' id='word_1_285' title='bbox 340 1738 423 1773; x_wconf 84' lang='lat' dir='ltr'>hanc</span> <span class='ocrx_word' id='word_1_286' title='bbox 442 1738 552 1783; x_wconf 85' lang='lat' dir='ltr'>legem</span> <span class='ocrx_word' id='word_1_287' title='bbox 570 1738 692 1774; x_wconf 82' lang='lat' dir='ltr'>alludit</span> <span class='ocrx_word' id='word_1_288' title='bbox 710 1742 784 1787; x_wconf 87' lang='lat' dir='ltr'>Juv.</span> <span class='ocrx_word' id='word_1_289' title='bbox 803 1741 869 1775; x_wconf 69' lang='lat' dir='ltr'>Sat.</span> <span class='ocrx_word' id='word_1_290' title='bbox 885 1755 920 1776; x_wconf 86' lang='lat' dir='ltr'>x.</span> <span class='ocrx_word' id='word_1_291' title='bbox 941 1753 970 1775; x_wconf 93' lang='lat' dir='ltr'>v.</span> <span class='ocrx_word' id='word_1_292' title='bbox 984 1754 1039 1779; x_wconf 91' lang='lat'>77.</span> 
     </span>
    </p>

    <p class='ocr_par' dir='ltr' id='par_1_8' title="bbox 560 1787 1409 2023">
     <span class='ocr_line' id='line_1_31' title="bbox 812 1787 1409 1836; baseline 0.007 -14"><span class='ocrx_word' id='word_1_293' title='bbox 812 1787 886 1834; x_wconf 71' lang='lat' dir='ltr'>Jam</span> <span class='ocrx_word' id='word_1_294' title='bbox 899 1790 1029 1833; x_wconf 80' lang='lat' dir='ltr'>pridem,</span> <span class='ocrx_word' id='word_1_295' title='bbox 1054 1802 1091 1824; x_wconf 87' lang='lat' dir='ltr'>ex</span> <span class='ocrx_word' id='word_1_296' title='bbox 1105 1803 1158 1835; x_wconf 86' lang='lat' dir='ltr'>quo</span> <span class='ocrx_word' id='word_1_297' title='bbox 1169 1789 1316 1836; x_wconf 70' lang='lat' dir='ltr'>fitffiagia</span> <span class='ocrx_word' id='word_1_298' title='bbox 1337 1793 1409 1826; x_wconf 76' lang='lat' dir='ltr'>nulli</span> 
     </span>
     <span class='ocr_line' id='line_1_32' title="bbox 560 1835 1383 1883; baseline 0.002 -13"><span class='ocrx_word' id='word_1_299' title='bbox 560 1835 733 1878; x_wconf 82' lang='lat' dir='ltr'>Vendimus‚</span> <span class='ocrx_word' id='word_1_300' title='bbox 760 1835 862 1880; x_wconf 84' lang='lat' dir='ltr'>effugit</span> <span class='ocrx_word' id='word_1_301' title='bbox 882 1848 979 1870; x_wconf 83' lang='lat' dir='ltr'>curas.</span> <span class='ocrx_word' id='word_1_302' title='bbox 1032 1838 1115 1871; x_wconf 74' lang='lat' dir='ltr'>Nam</span> <span class='ocrx_word' id='word_1_303' title='bbox 1133 1841 1184 1883; x_wconf 82' lang='lat' dir='ltr'>qui</span> <span class='ocrx_word' id='word_1_304' title='bbox 1201 1839 1295 1872; x_wconf 75' lang='lat' dir='ltr'>dabat</span> <span class='ocrx_word' id='word_1_305' title='bbox 1313 1841 1383 1873; x_wconf 69' lang='lat' dir='ltr'>olim</span> 
     </span>
     <span class='ocr_line' id='line_1_33' title="bbox 560 1883 1340 1930; baseline 0.005 -15"><span class='ocrx_word' id='word_1_306' title='bbox 560 1883 731 1926; x_wconf 81' lang='lat' dir='ltr'>Imperium,</span> <span class='ocrx_word' id='word_1_307' title='bbox 756 1883 873 1928; x_wconf 83' lang='lat' dir='ltr'>Fasces,</span> <span class='ocrx_word' id='word_1_308' title='bbox 898 1884 1056 1928; x_wconf 81' lang='lat' dir='ltr'>Legiones,</span> <span class='ocrx_word' id='word_1_309' title='bbox 1078 1887 1190 1927; x_wconf 84' lang='lat' dir='ltr'>omnia,</span> <span class='ocrx_word' id='word_1_310' title='bbox 1215 1897 1292 1919; x_wconf 81' lang='lat' dir='ltr'>nunc</span> <span class='ocrx_word' id='word_1_311' title='bbox 1303 1885 1340 1930; x_wconf 83' lang='lat' dir='ltr'>se</span> 
     </span>
     <span class='ocr_line' id='line_1_34' title="bbox 560 1930 1353 1977; baseline 0.004 -14"><span class='ocrx_word' id='word_1_312' title='bbox 560 1930 712 1972; x_wconf 75' lang='lat' dir='ltr'>Continet,</span> <span class='ocrx_word' id='word_1_313' title='bbox 734 1940 824 1976; x_wconf 83' lang='lat' dir='ltr'>atque</span> <span class='ocrx_word' id='word_1_314' title='bbox 843 1932 914 1964; x_wconf 74' lang='lat' dir='ltr'>duas</span> <span class='ocrx_word' id='word_1_315' title='bbox 929 1940 1049 1966; x_wconf 85' lang='lat' dir='ltr'>tantum</span> <span class='ocrx_word' id='word_1_316' title='bbox 1063 1944 1110 1966; x_wconf 86' lang='lat' dir='ltr'>res</span> <span class='ocrx_word' id='word_1_317' title='bbox 1127 1934 1236 1967; x_wconf 78' lang='lat' dir='ltr'>anxius</span> <span class='ocrx_word' id='word_1_318' title='bbox 1259 1942 1353 1977; x_wconf 80' lang='lat' dir='ltr'>optat,</span> 
     </span>
     <span class='ocr_line' id='line_1_35' title="bbox 563 1977 910 2023; baseline 0.009 -14"><span class='ocrx_word' id='word_1_319' title='bbox 563 1977 677 2010; x_wconf 86' lang='lat' dir='ltr'>Panem</span> <span class='ocrx_word' id='word_1_320' title='bbox 697 1977 733 2012; x_wconf 60' lang='grc' dir='ltr'>θ’</span> <span class='ocrx_word' id='word_1_321' title='bbox 745 1978 910 2023; x_wconf 84' lang='lat' dir='ltr'>Circenses.</span> 
     </span>
    </p>

    <p class='ocr_par' dir='ltr' id='par_1_9' title="bbox 269 2022 1666 2075">
     <span class='ocr_line' id='line_1_36' title="bbox 269 2022 1666 2075; baseline 0.003 -19"><span class='ocrx_word' id='word_1_322' title='bbox 269 2022 487 2067; x_wconf 68' lang='lat' dir='ltr'>privilegium</span> <span class='ocrx_word' id='word_1_323' title='bbox 505 2022 709 2071; x_wconf 84' lang='lat' dir='ltr'>concedens]</span> <span class='ocrx_word' id='word_1_324' title='bbox 748 2024 842 2059; x_wconf 87' lang='lat' dir='ltr'>Olim</span> <span class='ocrx_word' id='word_1_325' title='bbox 858 2026 1033 2071; x_wconf 75' lang='lat' dir='ltr'>privilegii</span> <span class='ocrx_word' id='word_1_326' title='bbox 1053 2025 1253 2061; x_wconf 89' lang='lat' dir='ltr'>vocabulum</span> <span class='ocrx_word' id='word_1_327' title='bbox 1272 2025 1344 2062; x_wconf 74' lang='lat' dir='ltr'>fere</span> <span class='ocrx_word' id='word_1_328' title='bbox 1367 2026 1494 2075; x_wconf 84' lang='lat' dir='ltr'>semper</span> <span class='ocrx_word' id='word_1_329' title='bbox 1513 2028 1549 2063; x_wconf 86' lang='lat' dir='ltr'>in</span> <span class='ocrx_word' id='word_1_330' title='bbox 1569 2027 1666 2063; x_wconf 45' lang='lat' dir='ltr'>dete*</span> 
     </span>
    </p>

    <p class='ocr_par' dir='ltr' id='par_1_10' title="bbox 228 2071 1668 2121">
     <span class='ocr_line' id='line_1_37' title="bbox 228 2071 1668 2121; baseline 0.005 -18"><span class='ocrx_word' id='word_1_331' title='bbox 228 2071 348 2106; x_wconf 83' lang='lat' dir='ltr'>riotem</span> <span class='ocrx_word' id='word_1_332' title='bbox 374 2081 503 2117; x_wconf 88' lang='lat' dir='ltr'>partem</span> <span class='ocrx_word' id='word_1_333' title='bbox 521 2081 697 2116; x_wconf 78' lang='lat' dir='ltr'>acceptum</span> <span class='ocrx_word' id='word_1_334' title='bbox 723 2071 859 2106; x_wconf 86' lang='lat' dir='ltr'>videtur</span> <span class='ocrx_word' id='word_1_335' title='bbox 884 2084 945 2119; x_wconf 87' lang='lat' dir='ltr'>pro</span> <span class='ocrx_word' id='word_1_336' title='bbox 963 2085 1060 2120; x_wconf 87' lang='lat' dir='ltr'>poena</span> <span class='ocrx_word' id='word_1_337' title='bbox 1078 2074 1356 2118; x_wconf 86' lang='lat' dir='ltr'>extraordinaria,</span> <span class='ocrx_word' id='word_1_338' title='bbox 1378 2087 1450 2121; x_wconf 84' lang='lat' dir='ltr'>quae</span> <span class='ocrx_word' id='word_1_339' title='bbox 1469 2086 1568 2110; x_wconf 82' lang='lat' dir='ltr'>ccrtae</span> <span class='ocrx_word' id='word_1_340' title='bbox 1592 2086 1668 2121; x_wconf 87' lang='lat' dir='ltr'>per-</span> 
     </span>
    </p>

    <p class='ocr_par' dir='ltr' id='par_1_11' title="bbox 229 2117 1666 2167">
     <span class='ocr_line' id='line_1_38' title="bbox 229 2117 1666 2167; baseline 0.003 -17"><span class='ocrx_word' id='word_1_341' title='bbox 229 2117 318 2151; x_wconf 77' lang='lat' dir='ltr'>sonae</span> <span class='ocrx_word' id='word_1_342' title='bbox 335 2128 464 2152; x_wconf 88' lang='lat' dir='ltr'>tantum</span> <span class='ocrx_word' id='word_1_343' title='bbox 481 2118 709 2163; x_wconf 79' lang='lat' dir='ltr'>infligebatur.</span> <span class='ocrx_word' id='word_1_344' title='bbox 764 2121 834 2153; x_wconf 82' lang='lat' dir='ltr'>Lex</span> <span class='ocrx_word' id='word_1_345' title='bbox 849 2119 983 2155; x_wconf 81' lang='lat' dir='ltr'>Sacrata</span> <span class='ocrx_word' id='word_1_346' title='bbox 1005 2132 1097 2167; x_wconf 88' lang='lat' dir='ltr'>aeque</span> <span class='ocrx_word' id='word_1_347' title='bbox 1112 2133 1149 2155; x_wconf 88' lang='lat' dir='ltr'>ac</span> <span class='ocrx_word' id='word_1_348' title='bbox 1166 2121 1423 2164; x_wconf 82' lang='lat' dir='ltr'>Decemviralis‚</span> <span class='ocrx_word' id='word_1_349' title='bbox 1444 2121 1525 2157; x_wconf 89' lang='lat' dir='ltr'>dum</span> <span class='ocrx_word' id='word_1_350' title='bbox 1548 2133 1666 2157; x_wconf 61' lang='grc' dir='ltr'>νων]-</span> 
     </span>
    </p>

    <p class='ocr_par' dir='ltr' id='par_1_12' title="bbox 232 2166 1670 2216">
     <span class='ocr_line' id='line_1_39' title="bbox 232 2166 1670 2216; baseline 0.003 -19"><span class='ocrx_word' id='word_1_351' title='bbox 232 2175 342 2198; x_wconf 75' lang='lat' dir='ltr'>LEGIA</span> <span class='ocrx_word' id='word_1_352' title='bbox 369 2176 554 2201; x_wconf 74' lang='lat' dir='ltr'>IRROGARI</span> <span class='ocrx_word' id='word_1_353' title='bbox 581 2167 702 2207; x_wconf 87' lang='lat' dir='ltr'>vetuit,</span> <span class='ocrx_word' id='word_1_354' title='bbox 731 2178 847 2213; x_wconf 86' lang='lat' dir='ltr'>poenas</span> <span class='ocrx_word' id='word_1_355' title='bbox 873 2166 1042 2214; x_wconf 84' lang='lat' dir='ltr'>ejusmodi</span> <span class='ocrx_word' id='word_1_356' title='bbox 1069 2167 1222 2202; x_wconf 86' lang='lat' dir='ltr'>duriores</span> <span class='ocrx_word' id='word_1_357' title='bbox 1240 2168 1444 2216; x_wconf 87' lang='lat' dir='ltr'>quibusdam</span> <span class='ocrx_word' id='word_1_358' title='bbox 1474 2168 1670 2203; x_wconf 85' lang='lat' dir='ltr'>hominibus</span> 
     </span>
    </p>
   </div>
   <div class='ocr_carea' id='block_1_7' title="bbox 231 2212 1666 2303">
    <p class='ocr_par' dir='ltr' id='par_1_13' title="bbox 231 2212 1666 2303">
     <span class='ocr_line' id='line_1_40' title="bbox 231 2212 1666 2293; baseline 0.004 -49"><span class='ocrx_word' id='word_1_359' title='bbox 231 2219 325 2293; x_wconf 43' lang='lat' dir='ltr'>{gnra</span> <span class='ocrx_word' id='word_1_360' title='bbox 343 2212 500 2249; x_wconf 85' lang='lat' dir='ltr'>ordinem</span> <span class='ocrx_word' id='word_1_361' title='bbox 518 2213 629 2256; x_wconf 85' lang='lat' dir='ltr'>infligi</span> <span class='ocrx_word' id='word_1_362' title='bbox 649 2213 838 2260; x_wconf 85' lang='lat' dir='ltr'>prohibuit,</span> <span class='ocrx_word' id='word_1_363' title='bbox 861 2214 956 2261; x_wconf 86' lang='lat' dir='ltr'>quod</span> <span class='ocrx_word' id='word_1_364' title='bbox 975 2227 1016 2249; x_wconf 84' lang='lat' dir='ltr'>ex</span> <span class='ocrx_word' id='word_1_365' title='bbox 1041 2215 1142 2250; x_wconf 87' lang='lat' dir='ltr'>verbo</span> <span class='ocrx_word' id='word_1_366' title='bbox 1167 2229 1355 2253; x_wconf 64' lang='lat' dir='ltr'>xssssocmu</span> <span class='ocrx_word' id='word_1_367' title='bbox 1373 2216 1525 2262; x_wconf 75' lang='lat' dir='ltr'>colligas.</span> <span class='ocrx_word' id='word_1_368' title='bbox 1579 2217 1666 2249; x_wconf 85' lang='lat' dir='ltr'>Hor.</span> 
     </span>
     <span class='ocr_line' id='line_1_41' title="bbox 276 2266 501 2303; baseline 0.027 -14"><span class='ocrx_word' id='word_1_369' title='bbox 276 2266 300 2290; x_wconf 75' lang='lat' dir='ltr'>t.</span> <span class='ocrx_word' id='word_1_370' title='bbox 322 2269 351 2303; x_wconf 76' lang='lat'>3.</span> <span class='ocrx_word' id='word_1_371' title='bbox 379 2271 408 2293; x_wconf 81' lang='lat' dir='ltr'>V.</span> <span class='ocrx_word' id='word_1_372' title='bbox 427 2270 501 2298; x_wconf 77' lang='lat'>117·</span> 
     </span>
    </p>
   </div>
   <div class='ocr_carea' id='block_1_8' title="bbox 704 1809 804 1816">
    <p class='ocr_par' dir='ltr' id='par_1_14' title="bbox 704 1809 804 1816">
     <span class='ocr_line' id='line_1_42' title="bbox 704 1809 804 1816; baseline 0 0"><span class='ocrx_word' id='word_1_373' title='bbox 704 1809 804 1816; x_wconf 95' lang='lat' dir='ltr'> </span> 
     </span>
    </p>
   </div>
   <div class='ocr_carea' id='block_1_9' title="bbox 918 2000 1046 2007">
    <p class='ocr_par' dir='ltr' id='par_1_15' title="bbox 918 2000 1046 2007">
     <span class='ocr_line' id='line_1_43' title="bbox 918 2000 1046 2007; baseline 0 805"><span class='ocrx_word' id='word_1_374' title='bbox 918 2000 1046 2007; x_wconf 95' lang='lat' dir='ltr'> </span> 
     </span>
    </p>
   </div>
   <div class='ocr_carea' id='block_1_10' title="bbox 567 2310 1365 2404">
    <p class='ocr_par' dir='ltr' id='par_1_16' title="bbox 567 2310 1365 2404">
     <span class='ocr_line' id='line_1_44' title="bbox 567 2310 1365 2404; baseline 0 -16"><span class='ocrx_word' id='word_1_375' title='bbox 567 2355 687 2399; x_wconf 77' lang='lat' dir='ltr'>Regula</span> <span class='ocrx_word' id='word_1_376' title='bbox 699 2361 833 2401; x_wconf 63' lang='lat' dir='ltr'>peccam</span> <span class='ocrx_word' id='word_1_377' title='bbox 851 2369 912 2404; x_wconf 77' lang='lat' dir='ltr'>quae</span> <span class='ocrx_word' id='word_1_378' title='bbox 924 2368 1023 2404; x_wconf 65' lang='lat' dir='ltr'>poenm</span> <span class='ocrx_word' id='word_1_379' title='bbox 1039 2310 1365 2403; x_wconf 48' lang='lat' dir='ltr'>IRRTGgiififcquas.</span> 
     </span>
    </p>
   </div>
   <div class='ocr_carea' id='block_1_11' title="bbox 1036 2425 1672 2461">
    <p class='ocr_par' dir='ltr' id='par_1_17' title="bbox 1036 2425 1672 2461">
     <span class='ocr_line' id='line_1_45' title="bbox 1036 2425 1672 2461; baseline -0.003 0"><span class='ocrx_word' id='word_1_380' title='bbox 1036 2427 1065 2461; x_wconf 91' lang='lat' dir='ltr'>C</span> <span class='ocrx_word' id='word_1_381' title='bbox 1619 2425 1672 2460; x_wconf 77' lang='lat' dir='ltr'>Ast</span> 
     </span>
    </p>
   </div>
  </div>
 </body>
</html>
