2059 2812
406 156 440 206 6
793 154 1054 207 Elementa
1089 155 1238 222 Juris
1272 157 1444 212 Civilis

402 252 482 293 sine
502 267 647 308 magno
667 252 821 303 labore,
848 259 883 294 ὅ(
903 253 982 295 fine
1003 255 1084 294 ulla
1103 254 1325 295 diffidentia
1351 258 1545 298 maturius
1571 259 1738 313 perduci
1769 275 1842 314 po·

404 317 552 359 tuisset.

461 399 496 422 1.
528 382 687 439 Justitia
715 383 769 422 est
799 384 977 423 constans
1006 387 1041 423 ὅ(
1060 394 1255 436 perpetua
1274 384 1460 424 voluntas
1488 386 1548 441 jus
1568 388 1677 429 suum
1697 389 1841 441 cuique

399 445 621 487 tribuendi.
679 447 840 501 Justitia
873 460 971 486 vero
1005 445 1247 499 quandoque
1279 449 1333 487 est
1361 449 1602 490 attributum
1630 453 1840 500 Αῖίὶοιηινη,

397 509 637 565 quandoque
651 512 900 563 Personarum.
934 510 1095 565 Justitia
1105 511 1340 564 personarum
1358 514 1412 553 est
1425 513 1610 553 Studium
1623 515 1841 555 voluntatis

396 576 539 615 nostrae
556 575 748 630 justitiam
768 576 973 615 aetionum
988 574 1066 614 rite
1082 574 1294 614 exercendi
1309 595 1320 627 ,-
1351 578 1512 632 Justitia
1533 592 1630 618 vero
1650 578 1839 618 Aelianum

394 639 450 679 est
469 641 735 694 congruentia
755 640 853 693 legis
873 647 907 682 δε
928 639 1098 680 actionis
1117 652 1211 694 erga
1229 639 1352 680 alium
1372 642 1600 684 exercendae
1618 664 1630 694 ;
1673 644 1774 683 adeo
1795 654 1839 682 ut

391 702 483 755 justi
516 703 691 744 hominis
724 718 807 744 non
840 719 974 757 paucae
1007 704 1151 758 poffint
1182 704 1259 744 effe
1290 707 1468 746 tuitiones
1497 708 1664 760 injustae,
1691 713 1726 749 ὅ(
1753 708 1838 747 vice

393 767 516 808 versa.
577 769 855 822 Receptiffima
881 782 979 808 vero
1007 770 1061 809 est
1080 766 1236 808 Divifio
1261 770 1430 824 Justitiae
1460 771 1501 809 in
1520 771 1784 823 Universalem
1804 777 1837 812 ἃ

386 833 669 885 particularem.
729 833 798 872 Illa
818 832 983 882 dicitur,
1013 832 1173 886 quando
1202 833 1471 886 quodcunque
1493 834 1666 875 officium
1685 848 1838 875 exerce-

391 906 459 936 tut·
479 912 573 952 erga
592 898 703 947 alios,
732 899 851 939 etiam
869 899 979 951 quod
997 912 1069 952 per
1087 898 1180 946 Vim,
1199 907 1267 936 aut
1288 898 1487 938 intentat&
1508 900 1546 938 in
1568 899 1663 939 foro
1679 901 1837 940 actione

390 962 497 1015 exigi
517 977 598 1002 non
620 974 806 1016 poterat‚·
837 963 899 1002 vel
915 978 1002 1016 quae
1022 962 1152 1003 officia
1172 964 1328 1015 praestat
1349 978 1432 1003 non
1452 963 1521 1003 nisi
1536 964 1622 1018 jure
1636 963 1835 1018 imperfecfflo

387 1026 508 1066 alteri
527 1025 676 1074 debita,
705 1038 748 1066 ut
779 1026 1046 1075 liberalitatis,
1076 1025 1381 1076 Misericordiae,
1410 1027 1695 1068 GratitudiniS.
1746 1029 1836 1067 Haee

386 1100 518 1131 autem
547 1093 615 1138 est,
645 1091 806 1144 quando
838 1090 956 1131 alicui
990 1090 1232 1144 potiffimum
1261 1090 1518 1139 exhibentur,
1547 1105 1635 1144 quae
1666 1092 1734 1131 ille
1765 1092 1834 1132 suo

383 1154 485 1207 jure,
505 1153 580 1194 five
593 1155 679 1209 jure
689 1155 844 1209 pererZo
863 1154 1060 1207 postulare
1079 1164 1257 1207 poterat,
1285 1165 1328 1192 ut
1349 1155 1391 1192 in
1411 1155 1699 1202 contractibus,
1728 1170 1834 1208 emp-

385 1219 580 1268 tionibus,
612 1218 910 1272 Sponfionibus.
967 1218 1127 1273 Justitia
1150 1216 1280 1256 rursus
1299 1216 1429 1256 dividi
1448 1216 1549 1256 solet
1565 1218 1605 1256 in
1625 1217 1833 1269 dzstrz'buti-

384 1300 471 1324 vam
502 1289 537 1326 ὅ(
570 1285 880 1331 commutativam,
924 1283 986 1322 vel
1019 1280 1235 1321 secundum
1265 1280 1459 1319 Grotiuin
1494 1281 1534 1319 in
1565 1281 1767 1333 Refforiam
1797 1290 1833 1326 ἃ

384 1349 655 1402 AEquatoriam.
714 1347 789 1386 Illa
819 1348 926 1386 inter
956 1344 1180 1398 inaequales,
1209 1343 1293 1384 haec
1320 1344 1427 1383 inter
1448 1344 1615 1398 aequales
1634 1346 1829 1389 versatur.

381 1413 553 1466 Rfiloriae
572 1423 637 1453 tot
651 1411 742 1453 sunt
762 1413 923 1465 species,
946 1421 1047 1465 quot
1067 1410 1285 1450 Societates
1304 1409 1344 1448 in
1365 1409 1510 1461 quibus
1526 1409 1596 1449 alii
1617 1410 1831 1465 imperant,

380 1477 449 1519 alii
477 1486 634 1531 parent,
663 1482 698 1517 ὃ(
718 1478 919 1530 praecipue
938 1475 1099 1529 respicit
1117 1473 1228 1527 quod
1259 1473 1426 1527 quisque
1458 1487 1650 1523 meretur,
1678 1476 1756 1517 five
1785 1479 1830 1520 id

379 1541 591 1595 praemium
609 1540 669 1590 fit,
696 1541 772 1582 five
792 1555 944 1596 poena3
976 1539 1052 1581 five
1072 1540 1220 1588 honor,
1249 1538 1325 1579 five
1345 1553 1458 1579 onus.
1520 1542 1744 1595 AEquatoriae
1764 1553 1827 1583 tot

379 1606 468 1647 sunt
487 1605 648 1660 species,
676 1616 776 1660 quot
793 1605 882 1645 sunt
901 1618 1046 1660 genera
1066 1603 1305 1652 officiorum,
1334 1617 1422 1656 quae
1442 1603 1567 1642 homo
1588 1618 1682 1659 erga
1697 1605 1826 1647 homi-

379 1685 486 1720 nem,
517 1672 614 1713 civis
641 1685 734 1726 erga
753 1671 883 1712 civem
912 1671 1096 1725 praestare
1117 1678 1280 1708 tenetur
1299 1674 1334 1709 ὅ(
1353 1681 1433 1707 non
1454 1678 1536 1707 tam
1555 1668 1771 1723 dignitates
1790 1677 1826 1713 ὅ(

377 1736 536 1785 merita,
564 1737 727 1789 praemia
756 1741 791 1777 ὅ(
817 1749 974 1790 poenas,
1003 1747 1120 1788 quam
1153 1747 1215 1774 res
1243 1733 1285 1773 in
1319 1732 1601 1774 commercium
1620 1734 1823 1776 venientes

376 1798 555 1854 respicit.

431 1880 471 1905 2.
502 1868 567 1906 Ut
586 1880 631 1907 ea
644 1866 802 1907 felicius
817 1864 859 1905 in
875 1867 981 1918 Rep.
999 1865 1314 1912 administretur,
1343 1862 1511 1903 discitur
1527 1865 1610 1917 Jus,
1640 1863 1747 1916 quod
1768 1865 1821 1904 est

377 1930 454 1969 Ars
474 1928 572 1969 boni
591 1935 627 1972 &
645 1931 762 1983 aequi,
789 1928 865 1970 five
884 1942 946 1969 ars
965 1930 1148 1985 Justitiae.
1208 1928 1334 1981 Hujus
1355 1927 1452 1966 artis
1478 1926 1661 1980 cognitio
1690 1927 1818 1966 nomi-

373 2001 495 2033 natur
513 1993 850 2050 Jurisprudentia,

433 2071 452 2107 3
485 2058 594 2113 Juris
623 2068 822 2112 praecepta
849 2057 1027 2111 quaedam
1061 2056 1261 2112 generalia
1281 2055 1384 2104 sunt,
1411 2063 1455 2094 ut
1474 2053 1638 2093 honeste
1669 2053 1818 2104 vivere,

422 2153 485 2201 Jus
503 2152 598 2189 suum
616 2155 741 2200 cuique
760 2151 951 2199 tribuendi]
982 2153 1055 2187 Cic.
1073 2166 1099 2199 5.
1117 2152 1158 2187 dc
1173 2154 1249 2188 Fin.
1271 2164 1343 2198 cap.
1360 2162 1418 2196 23.
1458 2147 1584 2193 Affec‘tio
1608 2151 1701 2183 animi
1724 2150 1815 2195 suum

373 2202 483 2247 cuique
499 2203 647 2244 tribuens,
671 2213 734 2246 quae
751 2200 876 2247 Justitia
894 2203 1014 2235 dicitur.

421 2249 567 2284 Honeste
581 2248 709 2294 vivere]
751 2250 828 2282 Hoc
847 2258 1014 2295 praecepto
1031 2258 1184 2283 vetantur
1199 2247 1312 2280 omnia
1324 2274 1333 2288 ,
1361 2257 1435 2292 quae
1453 2254 1605 2291 pugnant
1622 2255 1698 2278 cum
1717 2242 1815 2278 bonis

373 2296 536 2338 moribus,
562 2299 598 2332 δε
621 2295 755 2344 publica
773 2295 956 2339 honestate,
978 2294 1108 2329 etiamsi
1128 2308 1195 2329 non
1212 2292 1363 2341 expresse
1385 2291 1565 2339 prohibita.
1612 2291 1666 2337 Est
1683 2293 1814 2337 aliquid,

371 2342 488 2388 inquit
501 2345 577 2379 Cic.
594 2355 655 2392 pro
668 2342 773 2378 Balbo
790 2355 864 2389 cap.
879 2355 910 2389 3.
939 2343 1015 2387 quod
1031 2355 1087 2376 non
1101 2351 1246 2388 oporteat,
1273 2341 1388 2387 etiamst
1404 2342 1487 2374 licet.
1541 2340 1656 2374 Scnec.
1677 2338 1807 2373 Troad.

373 2399 403 2422 v.
418 2402 435 2435 3
443 2402 497 2437 34.
749 2390 846 2441 ch
858 2402 914 2425 non
929 2400 1013 2426 vetat
1027 2390 1111 2435 Lex,
1137 2392 1187 2425 hoc
1202 2398 1285 2426 vetat
1292 2390 1361 2435 ficri
1373 2389 1478 2434 pudor.
1661 2431 1693 2472 lt

1636 2447 1658 2473 a
1696 2444 1810 2472 erum
