2059 2812
356 156 459 206 282
758 147 1020 200 Elementa
1049 144 1194 215 Juris
1223 145 1394 199 Civilis

356 250 397 290 de
416 249 593 291 Peculata
618 250 652 286 &
672 244 848 297 Rfiduis.
918 249 953 286 8.
983 246 1068 286 Lex
1093 243 1217 285 Fabia
1244 244 1286 284 de
1312 244 1534 300 ΡΙιιείανὶἰικΔ
1599 260 1637 296 9.
1667 251 1794 303 Leges

356 312 475 368 Juliae
495 310 683 358 Ambitus,
702 307 1008 361 Repetundarum,
1027 311 1061 347 &
1081 305 1124 346 de
1139 309 1309 349 Annona.

411 394 447 423 7.
478 380 563 417 Lex
582 373 690 429 Julia
711 370 931 426 Majestatis
958 371 1038 411 lata
1057 385 1078 410 a
1099 370 1200 421 Julia
1219 370 1347 424 Caesare
1366 371 1408 410 in
1436 384 1504 411 eos
1530 373 1794 415 animadverti

351 439 479 494 jubet,
508 438 579 489 qui
598 445 740 476 contra
766 434 1010 488 reipublicae,
1038 434 1103 473 vel
1129 434 1324 487 Principis
1350 433 1537 475 summam
1560 438 1796 488 potestatem

352 499 506 555 aliquid
526 499 659 540 moliti
678 498 782 547 sunt,
811 505 845 540 ὅ(
866 508 950 539 tum
977 498 1271 549 Perduellionem‚
1300 509 1386 540 tum
1416 498 1554 539 Crimen
1577 500 1794 555 Majestatis

352 564 557 619 speciatim
578 565 634 604 ita
654 563 821 613 dietum,
850 561 1041 606 vindicat.

400 676 473 710 Lex
490 670 580 720 Julia
600 670 804 719 Biajqstatis]
843 671 1034 706 Maximum
1062 672 1192 706 crimen
1212 671 1306 718 quod
1337 683 1355 706 a
1379 672 1452 707 cive
1473 672 1634 706 Romano
1657 672 1797 708 admitti

352 731 486 769 poterat
503 729 574 754 erat
596 730 838 762 MAtfisTAns,
864 731 936 766 quo
962 719 1100 754 nomine
1127 719 1295 762 veniebat,
1328 718 1500 765 quidquid
1517 719 1668 755 adversus
1686 733 1794 769 popu·

352 771 423 803 lum
454 769 660 809 Romanum,
685 776 744 802 aut
770 766 983 801 securitatem
1003 766 1073 812 ejus
1090 767 1299 801 commissum
1328 766 1527 801 fuerat.-—
1537 768 1612 802 Cic.
1634 766 1677 803 de
1695 769 1790 802 Orat.

350 816 397 850 Π.
418 812 713 862 39·-—-·MdjestM
729 813 767 860 est
783 814 946 859 amplitudo
963 825 998 848 ac
1015 814 1148 858 dignitas
1161 815 1316 849 Civitatis.
1370 816 1476 858 Leges
1492 826 1572 849 vero
1588 814 1634 849 de
1649 815 1796 849 crimine

350 864 586 904 Perdueltionis,
620 860 684 895 five
704 861 885 907 Majestatis
911 859 952 895 ab
981 860 1056 907 ipsis
1082 861 1283 908 primordiis
1316 861 1406 895 urbis
1434 863 1572 897 initium
1606 861 1789 896 duxerunt.

352 911 487 944 EtenIm
506 920 677 956 nunquam
696 908 772 942 satis
789 910 905 942 civitas
923 909 1100 942 constituta
1129 908 1293 952 censetur,
1320 907 1379 942 nisi
1401 907 1478 942 latis
1496 908 1728 956 hujuscemodi
1746 909 1795 944 Ie·

351 955 459 1000 gibus,
486 956 607 1002 quibus
625 955 729 989 veluti
750 956 848 1002 jaffis
875 954 1118 998 fundamentis,
1145 955 1285 1002 publicae
1304 956 1576 1002 tranquillitatis,
1601 955 1796 1002 reipublicae

352 1005 453 1038 status
473 1008 509 1039 &
530 1005 626 1049 quies
646 1003 815 1037 innititur.
870 1001 1100 1047 Qamobrem
1119 1002 1238 1037 harum
1265 1002 1378 1047 legum
1403 1002 1568 1050 praefidio,
1596 1003 1715 1050 hisque
1737 1005 1793 1050 ju-

349 1049 451 1085 diciis
515 1051 663 1085 testatem
689 1051 802 1093 Reges
823 1052 995 1084 munivere
1011 1049 1125 1084 suam:
1166 1061 1278 1084 earum
1299 1051 1542 1085 Auitoritatem
1564 1049 1675 1096 Junim
1689 1053 1801 1087 Brutus-

350 1097 452 1144 velip
469 1111 490 1131 o
508 1097 657 1132 filiorum
677 1096 835 1140 sanguine
852 1095 992 1131 sancivit
1011 1109 1016 1130 ι
1043 1107 1080 1131 ut
1103 1109 1177 1143 quae
1196 1098 1329 1140 regium
1359 1099 1538 1143 imperium
1560 1096 1797 1141 defenderant,

350 1146 470 1190 majori
499 1145 702 1178 auetoritate
734 1143 975 1190 rempublicam
1004 1143 1220 1178 custodirent.
1274 1145 1425 1178 Primum
1456 1157 1537 1179 vero
1558 1147 1794 1180 Romanorum

349 1193 478 1235 Regem
498 1194 658 1226 Romulum
673 1190 715 1223 de
736 1191 930 1236 proditione
949 1191 1058 1234 legem
1076 1190 1184 1224 tulifl‘e
1202 1192 1355 1240 Dionysius
1374 1189 1489 1234 refert,
1517 1191 1608 1238 quod
1629 1204 1733 1226 unum
1750 1192 1797 1226 est

351 1252 368 1273 e
398 1240 573 1286 praecipuis
591 1236 758 1284 capitibus
788 1236 900 1281 legum
927 1237 969 1272 de
989 1237 1175 1283 Maiestate,
1204 1250 1285 1285 quas
1310 1240 1501 1273 Decemviri
1531 1250 1549 1272 a
1568 1237 1722 1282 Regibus
1740 1250 1796 1273 ac-

349 1296 461 1333 ceptas
479 1287 513 1319 in
532 1297 606 1320 x11.
624 1285 800 1330 conjecere
816 1283 966 1327 tabulas,
989 1285 1110 1330 quibus
1127 1286 1238 1331 capite
1256 1287 1407 1331 punitur,
1426 1285 1578 1333 quisquis
1593 1295 1650 1320 aut
1668 1285 1799 1321 hostem¹

350 1335 384 1367 in
403 1334 547 1380 patriam
567 1331 778 1375 concitaflet‚
803 1341 863 1366 aut
880 1333 988 1367 civem
1008 1332 1154 1367 hostibus
1173 1332 1373 1367 tradidisset.
1429 1334 1516 1378 Qae
1535 1335 1606 1367 Lex
1621 1331 1793 1379 sequenti-

349 1379 410 1415 bus
428 1378 637 1426 temporibus
655 1380 742 1413 varie
761 1381 853 1413 aneta
872 1377 948 1413 fuit.
1005 1381 1136 1414 Etenim
1164 1380 1248 1424 Lege
1273 1382 1410 1416 Gabinia
1429 1379 1704 1415 clandestinarum
1722 1383 1795 1415 coi-

349 1428 481 1462 tionum
500 1427 680 1474 participes
698 1427 810 1473 capite
825 1426 1065 1461 multabantur.
1119 1426 1256 1460 Acceffit
1268 1428 1338 1462 Lex
1350 1430 1496 1472 Apuleia,
1518 1439 1536 1462 a
1553 1428 1649 1462 Lucio
1664 1430 1794 1472 Apuleio

318 1512 321 1515 K
349 1476 507 1510 Saturnino
523 1473 602 1517 lata,
621 1472 718 1508 Trib.
737 1472 830 1508 Pleb.
850 1486 941 1508 anno
958 1486 1060 1510 ocu.
1080 1473 1112 1509 &
1127 1476 1198 1509 Lex
1212 1476 1304 1510 Varia
1322 1487 1338 1509 a
1355 1475 1517 1523 QVario
1535 1487 1624 1510 anno
1639 1487 1792 1511 Dctxn.

349 1521 472 1567 quibus
502 1520 632 1565 legibus
663 1522 711 1554 vis
739 1524 774 1555 ὃ(
805 1521 940 1556 Seditio
966 1523 999 1556 in
1029 1521 1110 1556 urbe
1138 1532 1257 1556 coorta
1276 1522 1521 1557 vindicabatur.
1574 1523 1688 1558 Lucius
1713 1535 1796 1557 vero

348 1570 499 1604 Cornelius
513 1571 594 1617 Sylla
613 1566 761 1614 pluribus
780 1567 946 1614 capitibus
965 1568 1144 1614 majestatis
1160 1570 1301 1603 crimina
1318 1568 1587 1615 comprehendit,
1612 1568 1795 1615 legemque

347 1615 426 1650 tulit
444 1614 696 1660 antiquioribus
715 1614 825 1648 multo
843 1615 1056 1649 severiorem.
1109 1616 1190 1660 Qo
1220 1615 1330 1660 plures
1348 1618 1439 1650 enim
1459 1613 1691 1660 hujuscemodi
1721 1625 1794 1651 tru-

349 1662 444 1696 cibus
464 1660 601 1706 judiciis
630 1662 790 1702 irretiret,
813 1672 945 1706 poenam
966 1659 1093 1695 remisit
1122 1663 1176 1704 iis,
1203 1663 1264 1707 qui
1296 1673 1356 1707 per
1373 1661 1574 1696 calumniam
1593 1661 1675 1695 alios
1693 1673 1794 1697 accu-

348 1709 475 1750 sarunt,
502 1708 685 1753 locumque
704 1708 737 1739 in
763 1707 852 1742 hisce
871 1706 974 1741 caufis
993 1707 1173 1742 mulierum
1198 1707 1397 1744 testimoniis
1418 1709 1559 1756 aperuit.
1613 1708 1719 1755 Qod
1734 1709 1799 1744 etfi

348 1754 551 1803 perturbatis
569 1753 638 1788 illis
666 1752 877 1799 temporibus
905 1753 1122 1797 conveniffer‚
1148 1754 1178 1788 ie
1198 1753 1381 1801 praesertim
1402 1756 1551 1799 homine,
1578 1755 1790 1792 solertiffimo

346 1814 512 1844 verarum,
534 1805 570 1837 &
595 1800 750 1835 falsarum
770 1801 1045 1836 criminationum
1065 1801 1225 1844 vindice;
1261 1801 1479 1849 sequentibus
1497 1812 1609 1837 tamen
1627 1806 1793 1850 tempori-

346 1850 407 1885 bus
425 1851 461 1884 in
479 1850 665 1883 maximam
684 1847 864 1882 hominum
883 1850 1067 1895 perniciem
1086 1851 1197 1896 erupit
1212 1861 1219 1882 ε
1255 1849 1334 1885 data
1351 1852 1443 1886 enirn
1471 1850 1608 1885 licentia
1624 1851 1658 1885 in
1675 1852 1794 1886 crimi-

345 1897 446 1932 nibus
464 1895 656 1940 graviffimis
673 1894 931 1937 calumniarum,
957 1897 1190 1930 innocentium
1218 1896 1384 1944 supplicio
1402 1897 1491 1933 fraus
1518 1897 1658 1940 exultat,
1683 1908 1794 1945 atquev

345 1944 542 1985 bacchatur,
559 1942 644 1977 adeo
662 1952 699 1976 ut
714 1942 866 1977 deterior
883 1943 1039 1977 omnibus
1056 1944 1252 1978 criminibus
1269 1944 1307 1979 fit
1326 1947 1505 1980 criminum
1524 1944 1788 1981 accusandorum

346 1992 541 2036 impunitas.
594 1991 675 2024 Nec
704 1988 808 2023 solum
839 1989 987 2025 fautores
1014 1991 1168 2034 hostium,
1195 1991 1403 2040 publicaeque
1433 1995 1521 2039 pacis
1540 1991 1788 2040 perturbatores

346 2037 428 2072 huic
442 2036 574 2084 judicio
593 2035 745 2082 subjecit,
770 2034 827 2070 sed
845 2040 878 2072 δε
896 2049 967 2081 eos,
994 2039 1053 2083 qui
1080 2037 1326 2083 magistratibus
1343 2042 1488 2076 muneris
1506 2040 1708 2075 exercitium
1726 2040 1790 2074 im-

341 2084 522 2132 pedulem,
546 2094 603 2118 aut
618 2082 761 2117 ducibus
781 2082 939 2128 hostium,
965 2085 1018 2120 vel
1037 2084 1233 2133 praedonum
1258 2088 1365 2135 captis
1383 2087 1596 2132 ignoviffent‚
1620 2090 1657 2123 &
1675 2086 1787 2133 (quod

344 2133 430 2168 Verri
449 2132 566 2166 Tullius
584 2129 736 2177 objicit,)
761 2141 819 2164 eos
849 2141 986 2178 accepta
1015 2134 1158 2179 pecunia
1177 2133 1391 2176 liberassent;
1418 2147 1494 2170 eum
1527 2143 1701 2182 praeterea,
1725 2135 1785 2181 qui

344 2178 542 2261 potessssztem
558 2178 647 2213 suam
664 2176 850 2225 abjecisset,
873 2190 1017 2227 eamque
1033 2178 1217 2216 defendere
1231 2181 1439 2227 neglexisset,
1465 2194 1540 2218 cum
1558 2180 1696 2231 publico
1714 2193 1791 2217 mu-

344 2238 424 2261 nere
456 2235 647 2270 ungeretur.

1633 2342 1786 2390 Sequuta
