2059 2812
431 163 530 212 180
817 153 1080 206 Elementa
1110 141 1270 220 ’ῗιινὶὲιἸ
1297 156 1466 208 Civilis

427 255 532 296 nuda
561 256 621 295 rei
653 253 801 294 futurae
827 251 1031 306 promiffio
1057 252 1144 306 jure
1163 255 1352 293 Romano
1384 255 1580 294 actionem
1609 267 1692 293 non
1713 254 1859 306 produ-

427 329 551 367 ceret,
579 318 744 357 inventa
761 317 817 357 est
835 315 1047 368 Stipulcztz'o,
1077 314 1170 368 qua,
1198 315 1266 367 qui
1285 328 1369 356 rem
1388 316 1429 354 in
1444 316 1624 356 futurum
1643 319 1864 369 promittit,

428 381 693 434 obligaretur.

480 458 520 493 4.
550 447 691 499 Qum
710 457 808 485 vero
825 443 891 484 vel
919 451 1055 482 certum
1073 443 1169 496 quid
1197 442 1382 495 promitti
1408 442 1536 494 point,
1562 446 1689 485 veluti
1714 446 1860 499 species

426 507 491 546 vel
509 507 732 560 quantitas:
750 507 828 547 =vel
845 507 1036 554 incertum,
1065 504 1192 544 veluti
1212 518 1334 559 genus
1352 503 1416 543 vel
1443 502 1618 546 factum:
1656 508 1738 560 ipsa
1766 522 1863 560 quo·

426 582 502 621 que
521 569 725 621 stipulatio
745 570 808 608 vel
827 579 937 617 certa,
965 567 1031 608 vel
1048 568 1186 606 incerta
1205 568 1272 607 est.

482 644 519 676 5.
550 630 889 684 Qandoquidem
905 630 1025 669 etiam
1041 628 1105 668 vel
1117 632 1224 682 pure,
1251 629 1313 667 vel
1319 627 1388 681 sub
1405 629 1616 678 conditione,
1636 631 1698 671 vel
1713 632 1751 671 in
1767 632 1860 672 diem

425 692 707 743 promittitur3
750 691 954 745 stipulatio
984 693 1025 732 in
1050 699 1196 744 puram,
1226 692 1500 731 conditionalem
1530 698 1565 733 ἃ
1590 693 1630 731 in
1660 694 1752 734 diem
1784 710 1861 734 con-

425 761 567 808 ceptam
585 757 695 796 recte
713 755 927 796 dividitur.
984 757 1081 794 Pura
1099 755 1143 794 fit
1163 753 1376 807 Stipulatio
1394 754 1472 793 fine
1491 754 1572 794 ulla
1590 759 1781 807 temporis
1801 759 1863 799 vel

425 816 670 857 conditionis
687 817 911 872 adjectione
929 836 937 857 :
970 817 1112 866 veluti,
1143 816 1311 872 Qinque
1327 832 1454 857 aureos
1478 817 1563 858 dare
1575 819 1724 873 spondes
1741 829 1757 858 ‚²
1787 823 1864 862 Cu-

423 880 484 932 jus
504 881 538 920 is
556 882 714 923 effetstus
732 883 801 930 est,
830 894 877 922 ut
895 882 1003 935 quod
1022 882 1255 934 promiffum
1283 882 1338 920 est
1359 886 1471 934 pure,
1499 883 1704 923 confestim
1735 891 1770 926 ὃ(
1799 886 1865 925 de-

425 942 578 992 beatur,
607 952 642 987 &
663 945 746 998 peti
777 945 906 998 poffit‚
935 946 1028 997 quia
1056 942 1181 983 statim
1213 948 1247 983 ὃ(
1277 942 1385 995 ceffit‚
1414 949 1448 984 ὅ(
1479 946 1582 985 venit
1607 945 1864 987 dies.-—-Sub

424 1006 622 1054 conditione
639 1009 684 1047 fit
699 1008 926 1060 stipulatio,
947 1021 1037 1047 cum
1051 1006 1251 1058 obligatio
1271 1005 1456 1046 differtur
1474 1007 1516 1046 in
1535 1007 1708 1060 aliquem
1723 1009 1865 1060 casum,

423 1070 467 1110 id
486 1072 554 1118 est,
582 1071 608 1110 fi
627 1071 781 1124 aliquid
800 1070 949 1111 factum
968 1069 1110 1117 fuerit,
1139 1079 1207 1109 aut
1227 1082 1307 1109 non
1322 1069 1449 1109 fuerit
1466 1088 1473 1108 :
1505 1070 1647 1120 veluti,
1676 1072 1717 1112 Si
1737 1072 1864 1113 Titius

423 1133 547 1185 consul
566 1133 695 1185 fastus
718 1133 853 1185 ficerit,
891 1133 1045 1186 quinque
1077 1145 1203 1169 (tureos
1228 1131 1314 1170 dare
1343 1132 1490 1185 spondes
1503 1140 1518 1169 :⁸
1561 1135 1621 1171 Ex
1649 1134 1866 1186 cujusmodi

423 1195 680 1248 stipulatione
696 1194 965 1235 conditionali
983 1195 1132 1234 dicitur
1148 1206 1274 1245 neque
1295 1193 1451 1242 cedere,
1480 1208 1608 1246 neque
1626 1197 1762 1236 venire
1782 1198 1866 1239 dies

423 1268 519 1298 ante
538 1259 784 1299 conditionis
804 1257 1139 1299 eventum.-—-In
1158 1257 1251 1296 diem
1269 1258 1314 1297 fit
1334 1257 1563 1309 Stipulatio,
1583 1272 1670 1299 cum
1689 1261 1772 1301 dies
1788 1262 1865 1303 five

424 1333 580 1375 tempus
611 1333 764 1364 certum
796 1323 996 1377 adjicitur,
1024 1336 1105 1375 quo
1134 1321 1300 1373 pecunia
1328 1319 1521 1368 solvatur,
1551 1323 1612 1361 vel
1637 1324 1745 1376 quod
1770 1339 1868 1378 pro-

423 1385 582 1426 miffum
601 1387 657 1427 est
675 1387 743 1428 fiat
761 1404 769 1425 :
802 1387 941 1436 veluti,
972 1387 1101 1425 Decem
1120 1399 1243 1424 aureos
1258 1383 1394 1437 primis
1414 1385 1570 1435 Kalend.
1589 1387 1752 1426 Martiis
1781 1390 1867 1429 dare

419 1447 598 1502 spondes?
629 1448 753 1502 Cujus
778 1448 1044 1501 stipulationis
1071 1447 1153 1486 dies
1173 1445 1334 1498 quidem
1354 1445 1476 1493 ceffit‚
1504 1447 1546 1485 id
1565 1448 1633 1496 est,
1662 1454 1868 1492 contracta

424 1512 480 1551 est
499 1510 710 1565 obligatio,
731 1510 798 1550 sed
819 1511 996 1551 nondum
1012 1510 1136 1556 venit,
1165 1509 1207 1547 id
1223 1509 1292 1556 est,
1321 1510 1404 1561 peti
1425 1509 1481 1557 id,
1510 1511 1614 1563 quod
1635 1515 1868 1563 promissum

424 1576 494 1623 est,
521 1580 555 1616 ὅ(
572 1575 762 1614 intentari
785 1575 891 1614 aetio
913 1588 994 1613 non
1016 1574 1160 1626 potest,
1189 1583 1401 1625 antequam
1425 1582 1535 1615 totus
1553 1575 1636 1615 dies
1655 1579 1865 1631 effluxerit,

424 1639 518 1691 quia
539 1638 570 1676 is
598 1647 708 1694 totns
728 1637 900 1678 arbitrio
918 1636 1107 1678 solventis
1139 1636 1267 1675 tribui
1297 1635 1431 1684 debet,
1459 1640 1604 1692 quippe
1627 1640 1666 1679 in
1687 1639 1866 1684 favorem

424 1701 622 1742 debitoris
638 1701 845 1754 adjectuss

479 1773 516 1806 6.
547 1767 607 1805 Ex
626 1764 883 1817 stipulatione
902 1773 1088 1817 tanquam
1116 1764 1325 1804 contractu
1350 1765 1554 1819 μονοπλεύρῳ
1584 1779 1660 1805 una
1688 1766 1866 1809 nascitur

424 1826 532 1868 aditio
551 1825 613 1865 illi
632 1826 882 1880 cognominis
900 1839 946 1864 ex
956 1823 1155 1879 stipulatu,
1183 1825 1360 1877 quamvis
1380 1824 1464 1873 illa,
1492 1824 1517 1865 fi
1538 1836 1673 1865 certum
1695 1829 1863 1880 petiuit,

426 1889 532 1929 Aelio
565 1890 654 1928 certi
672 1911 683 1939 5
726 1888 779 1929 fin
805 1889 997 1939 incertum,
1034 1889 1122 1929 aaeio
1154 1889 1284 1928 incerti
1317 1903 1362 1928 ex
1383 1888 1567 1942 stipulatu
1595 1900 1863 1931 vocetur.—

425 1956 612 2005 Utraque
631 1951 748 1991 datur
764 1951 964 2004 stipulanti
981 1952 1167 1993 adversus
1186 1953 1495 2006 promittentem
1511 1953 1644 2006 ejusve
1665 1953 1865 1995 haeredem

426 2016 477 2057 ad
495 2015 666 2056 dandum
686 2015 976 2066 faciendumve,
1005 2016 1114 2068 quod
1135 2016 1327 2069 promifit.

539 2103 706 2170 JUS
735 2101 1392 2153 ANGLICANUM.
1419 2104 1479 2154 ad
1498 2105 1758 2156 Tit.XVI.

475 2185 681 2221 Notandum
699 2185 744 2220 est
768 2185 853 2219 hanc
873 2184 1051 2220 verborum
1069 2185 1312 2228 obligationem
1335 2197 1352 2218 a
1368 2185 1483 2219 nostris
1497 2185 1660 2232 simplicem
1683 2191 1862 2221 conzrafflmz

427 2231 601 2280 appellari,
627 2244 737 2278 neque
751 2230 973 2280 spondentem
998 2234 1120 2274 teneri,
1146 2231 1205 2266 nisi
1224 2231 1398 2272 σιωάλλαῖμα
1418 2231 1572 2278 aliquod,
1598 2244 1653 2267 aut
1671 2233 1723 2279 (ut
1744 2233 1792 2268 illi
1809 2234 1860 2267 lo-

429 2279 594 2327 quuntur)
609 2279 809 2326 consideratio,
835 2279 886 2313 vel
903 2278 988 2324 quid
1007 2291 1068 2326 pro
1090 2292 1158 2326 quo
1180 2277 1410 2313 interceffetit.
1464 2279 1540 2314 Sola
1555 2292 1633 2314 vero
1649 2280 1859 2326 stipulatione

429 2338 497 2361 non
512 2325 594 2374 saepe
608 2326 820 2362 contrahitur
834 2326 923 2373 apud'
934 2327 1070 2371 Anglos,
1096 2324 1276 2374 praesertim
1295 2327 1329 2362 in
1348 2325 1445 2361 rebus
1462 2328 1571 2372 magni
1592 2328 1764 2363 momenti.

1704 2377 1857 2414 Ii‘r.
