2059 2812
575 142 688 196 Lib.
719 140 807 195 m.
882 139 981 194 Tit.
1015 139 1182 193 XXX.
1505 155 1601 208 213

173 246 321 295 pecuniae
337 244 489 288 deberet,
515 242 538 278 fi
555 245 628 290 quis
644 243 732 278 forte
750 254 820 277 tam
835 241 918 276 tristi
933 240 1121 288 speaacu10
1140 247 1331 274 commotus
1346 248 1407 286 pro
1421 249 1462 273 eo
1479 235 1606 285 depen-

172 295 253 330 dere
267 293 377 330 vellet.
427 292 463 326 Si
481 303 592 339 neque
609 289 802 337 dependere
821 290 996 336 quil'quarn
1022 286 1104 322 effer
1127 285 1235 330 ausus,
1261 297 1322 321 nec
1349 284 1417 331 ipse
1446 285 1606 320 obaeratus

174 345 264 377 intra
282 341 343 374 hos
357 339 528 383 sexaginta
548 338 620 372 dies
635 335 855 380 transegisset,
875 334 981 370 fiebat
995 335 1142 369 Secrlo.
1184 338 1227 367 At
1248 333 1386 378 qualis?
1414 334 1467 367 De
1484 343 1606 378 corpo·

174 391 220 424 tis
244 388 399 422 Seffione
429 385 465 420 id
495 385 690 429 intelligunt
706 385 923 423 Tertullianus,
951 381 1183 428 Qintilianus‚
1211 384 1247 414 &
1266 381 1402 414 Coecilius
1418 377 1506 425 apud
1524 378 1608 414 Gel-

172 436 268 470 lium.
287 448 349 469 xx.
370 445 398 468 1.
419 434 479 480 qui
496 442 605 466 tamen
620 441 721 475 negat
738 439 806 464 tam
824 428 945 463 durum
962 439 1000 461 ac
1018 427 1237 461 inhumanum
1251 424 1445 472 supplicium
1461 437 1607 472 unquam

171 483 340 528 sumptum
358 479 424 516 effe
442 479 482 514 ab
501 478 665 521 obaerads,
679 477 832 523 adeoque
849 473 932 509 illud
949 483 1080 508 tantum
1097 474 1233 507 terroris
1251 474 1348 507 causa
1363 472 1431 515 legi
1447 471 1610 506 acceffiffe

171 530 343 563 existimat.
396 529 490 562 Sestio
509 538 587 561 vero
604 525 697 560 idem
717 524 762 558 est
779 535 816 558 ac
837 523 971 563 Anotio,
995 522 1027 556 &
1048 520 1106 567 qui
1133 521 1221 555 bona
1242 519 1339 553 hastae
1362 516 1506 565 subjecta
1525 519 1609 566 pub-

171 577 239 611 lica
260 575 424 610 auetionis
445 574 518 618 lege
536 573 701 613 emebant,
727 582 904 606 sec-roms
919 567 1127 602 dicebantur.
1179 569 1279 601 Seuor
1295 579 1313 600 a
1330 565 1431 600 Suida
1450 570 1486 600 &
1502 566 1609 612 Hesy-

173 625 254 658 chio
282 622 409 656 dicitur
432 622 469 655 πὶ
495 621 606 662 Ahalam
631 617 777 663 ἐγοςοίζων,
802 617 836 652 ἃ.
861 619 957 651 Sestio
978 614 1019 649 ab
1036 613 1255 660 Aristophane
1279 612 1461 654 ὢτμιοπςασῆα,
1486 612 1570 647 ficut
1590 626 1608 647 a

173 669 356 705 Plutarcho
377 670 409 702 in
438 668 555 703 Craflo
573 666 763 708 ὧιμιοπνείπκ,
789 666 922 699 auctione
948 672 1067 707 emptor.
1121 661 1195 695 Cic.
1219 660 1344 707 Philip.
1361 673 1392 694 2.
1424 662 1607 700 Antonium

174 727 369 753 secronEM
388 716 542 760 Pompeii
561 714 722 761 appellat,
746 713 904 759 quoniam
922 711 956 743 in
974 707 1219 743 subhastatione
1237 708 1391 754 Pompeii
1409 706 1497 741 bona
1512 707 1611 742 rede-

173 775 289 799 merat.
341 765 433 798 Semo
447 774 525 796 vero
539 760 630 794 dicta
645 759 708 794 effe
726 758 874 800 videtur,
900 755 991 803 quod
1010 754 1154 802 praedam
1176 767 1217 788 ex
1231 754 1381 788 hostibus
1397 766 1529 801 captam
1546 756 1610 788 mi-

171 812 249 846 lites
265 813 352 845 inter
371 807 403 843 se
414 809 558 853 secabant
572 819 610 841 ac
628 807 812 841 dividebant.
862 803 970 837 Caesar
983 802 1026 836 de
1045 800 1136 835 bello
1153 801 1242 836 Gall.
1259 803 1302 835 ΙΙ.
1324 802 1609 846 33.—--Postridie

172 861 231 900 ejus
252 859 312 892 diei
334 854 467 899 refractis
488 857 592 898 portis,
617 865 709 899 quum
729 854 797 894 jam
826 850 996 896 defenderet
1025 860 1120 890 nemo,
1155 857 1246 893 atque
1272 848 1437 893 intromiffis
1465 849 1611 882 militibus

173 905 270 950 nostris
294 904 347 937 SE
359 902 476 937 CTIO
487 902 595 936 NEM
616 903 674 943 ejus
698 901 792 944 oppidi
817 897 986 943 universam
1012 895 1109 940 Caesar
1134 896 1424 930 vendidic.--Sic
1451 896 1605 929 Tacitus.

172 952 315 997 Reliquas
334 951 496 986 sectionum
513 950 755 983 Neromanarum
778 946 903 982 nondum
930 946 959 978 in
977 943 1082 990 fiscum
1110 942 1260 987 conversam
1287 947 1431 979 revocatis
1457 945 1494 976 ab
1521 945 1610 976 exilio

171 998 318 1042 conceffit.

221 1057 272 1088 Ut
300 1053 390 1087 reete
418 1063 496 1087 vero
515 1050 723 1086 observatum
747 1048 805 1092 est,
831 1059 960 1084 snei-10
986 1046 1031 1082 est
1053 1045 1264 1082 Vocabulum
1288 1046 1392 1092 Juris,
1417 1045 1449 1080 ἃ
1467 1044 1610 1079 debetur

173 1100 402 1146 Succeffionibus
419 1111 479 1145 quo
488 1100 568 1145 fiunt
580 1109 633 1144 per
646 1097 897 1142 Unioerfitatem.
950 1096 1044 1128 Nam
1064 1095 1151 1128 inter
1172 1093 1304 1134 modos,
1332 1092 1453 1138 quibus
1471 1105 1510 1125 ex
1530 1095 1609 1139 Jure

173 1148 275 1182 Civili
303 1146 491 1182 universum
513 1146 566 1192 jus
593 1144 729 1179 alterius
754 1145 788 1177 in
815 1155 875 1177 nos
903 1141 1100 1176 transfertur
1123 1151 1193 1175 erat
1209 1143 1357 1175 Bonorum
1384 1141 1522 1174 venditio.
1575 1139 1610 1172 Si

175 1195 269 1240 cujus
286 1195 377 1228 enim
393 1192 544 1227 defuneti
564 1191 650 1225 bona
667 1202 734 1225 non
751 1199 845 1224 erant
861 1188 1044 1228 solvend03
1069 1197 1128 1222 aut
1147 1187 1170 1220 fi
1189 1188 1266 1233 quis
1281 1189 1315 1220 in
1328 1187 1381 1232 jus
1395 1196 1533 1220 vocatus
1550 1197 1613 1232 po-

176 1242 325 1275 testatem
340 1239 387 1274 sui
405 1252 472 1274 non
491 1238 651 1281 faciebat,
678 1249 788 1282 neque
802 1247 911 1270 tamen
927 1233 1197 1275 defendebatur,
1226 1245 1340 1267 eorum
1359 1245 1400 1267 ex
1418 1233 1519 1268 veteri
1539 1232 1612 1276 jure

173 1288 263 1323 bona
280 1300 320 1322 ex
341 1286 462 1321 Ediem
484 1286 636 1320 Praetoris
655 1283 810 1330 poffideri
837 1282 1065 1328 jubebantur5
1103 1284 1139 1316 ὃς
1157 1280 1197 1314 ab
1221 1279 1342 1314 eodem
1366 1281 1513 1314 Praetore
1531 1280 1614 1313 Ma-

167 1335 260 1381 gister
273 1334 546 1375 constituebatur,
574 1333 633 1379 qui
649 1342 808 1378 tanquam
824 1331 1003 1372 Dominus,
1029 1327 1084 1362 sed
1101 1329 1319 1371 imaginarius
1333 1326 1480 1362 universa
1496 1325 1611 1360 distra-

174 1383 284 1425 heret,
311 1390 413 1427 atque
435 1382 591 1426 Emptori
616 1377 801 1413 addiceret.
856 1376 1011 1411 Eundem
1028 1374 1071 1409 ad
1094 1375 1234 1409 modum
1254 1375 1287 1408 in
1315 1373 1413 1408 bonis
1436 1374 1612 1408 damnato-

173 1441 263 1473 rum,
288 1428 621 1475 proscriptorumque
635 1424 899 1460 constituebatur
919 1436 1066 1464 steron,
1093 1423 1153 1468 qui
1172 1422 1239 1456 Rei
1253 1420 1419 1456 universas
1433 1420 1612 1455 facultates

176 1490 194 1511 a
209 1478 295 1523 Rep.
313 1476 536 1516 auctionatus,
561 1474 647 1508 lucri
671 1473 703 1507 &
730 1471 924 1518 compendii
944 1470 1038 1504 caus&
1056 1468 1220 1503 frustatim
1239 1468 1366 1516 populo
1390 1466 1608 1504 divendebar.

174 1526 262 1559 Non
283 1524 385 1566 igitur
404 1524 503 1556 Servor
519 1521 646 1555 dicitur
662 1519 823 1553 relatione
849 1517 960 1551 habit&
980 1516 1021 1550 ad
1040 1516 1090 1558 id,
1113 1515 1219 1562 quod,
1247 1526 1283 1549 ut
1305 1515 1389 1550 olim
1407 1517 1556 1562 Corpora
1575 1516 1610 1549 in

175 1570 391 1605 vetustiffimo
410 1569 497 1615 jure,
524 1569 572 1602 ita
590 1569 624 1601 in
643 1578 730 1600 novo
746 1565 832 1600 bona
859 1563 1136 1605 distraherentur,
1163 1561 1218 1596 sed
1241 1561 1283 1596 ad
1309 1562 1359 1606 id,
1385 1562 1475 1608 quod
1506 1561 1611 1596 bono-

175 1631 249 1652 rum
268 1616 485 1662 univerfitatem
499 1627 598 1661 quam
616 1613 656 1648 ab
672 1614 786 1648 aerario
803 1611 964 1655 redemit,
991 1610 1060 1658 ipse
1075 1608 1206 1644 concise
1224 1613 1260 1645 &
1277 1610 1470 1644 minutatim
1489 1620 1620 1652 ειεωσῑι
1642 1650 1645 1653 ¹

178 1669 215 1700 &
236 1665 460 1699 auffionatur.

224 1720 328 1766 Qod
346 1719 386 1755 ad
402 1718 605 1754 Debitorem
625 1719 738 1753 revera
755 1715 980 1752 dissecandum
997 1715 1128 1756 attinet,
1155 1715 1355 1761 cuiquamne
1372 1713 1537 1749 credibile
1555 1714 1613 1756 est,

177 1778 215 1803 ut
234 1770 268 1802 in
287 1780 327 1802 eo
349 1768 436 1813 jure,
464 1766 556 1813 quod
582 1767 748 1800 laudabilia
774 1766 884 1806 omnia,
912 1762 948 1798 &
965 1763 1155 1807 locupletibus
1172 1762 1241 1806 fore
1261 1774 1327 1797 cum
1341 1764 1425 1807 plebe
1443 1764 1613 1796 communio

177 1815 359 1860 complesti
390 1814 576 1856 videbatur,
602 1823 638 1848 ut
669 1825 744 1847 cum
772 1814 909 1846 Cicerone
936 1809 1263 1856 loquar;——-quod
1289 1808 1394 1843 latum
1424 1810 1468 1842 est
1492 1821 1509 1842 a
1536 1810 1613 1842 viris

177 1861 436 1904 consultiffimis,
462 1861 502 1894 ad
526 1860 562 1894 id
579 1860 730 1902 deleffls,
758 1869 794 1892 ut
811 1859 942 1903 utrisque
965 1867 1031 1890 tam
1051 1856 1141 1903 plebi
1158 1869 1257 1903 quam
1274 1855 1425 1902 patribus
1443 1858 1532 1889 utilia
1546 1854 1614 1899 fer-

176 1919 256 1951 rent,
280 1908 317 1944 69⁹
341 1920 402 1953 quae
430 1909 570 1952 aquamiae
588 1911 674 1953 essent
689 1907 848 1947 libertatis,
878 1915 914 1939 ut
932 1917 1008 1938 cum
1024 1903 1321 1950 Livi0;--quod
1342 1912 1490 1948 quantum
1513 1903 1613 1936 decem

179 1958 326 1991 hominum
352 1958 477 2000 ingeniis
490 1956 635 2000 provideri
653 1956 764 1999 potuit,
791 1951 1068 1996 omnibussiammis,
1095 1950 1256 1997 infimifique
1278 1953 1350 1992 jura
1380 1952 1614 1994 aequavit,—

180 2002 273 2049 quod
291 2002 436 2048 consensus
462 2004 589 2037 omnium
606 2014 660 2035 non
676 2000 783 2045 juffiffe
798 2003 894 2034 latum
913 2004 1017 2043 magis,
1044 2011 1135 2043 quam
1159 1996 1252 2042 tulisse
1270 1999 1408 2038 videtum
1432 1999 1465 2030 in
1482 2009 1534 2038 ρο,
1561 1998 1614 2030 in-

180 2062 294 2097 quam,
315 2050 388 2096 jure
407 2049 492 2083 adeo
509 2061 576 2082 non
592 2047 780 2082 consultum
797 2047 887 2081 foret
904 2047 997 2092 inopi
1014 2050 1049 2080 &
1069 2046 1280 2079 vexatiffimae
1296 2044 1398 2090 plebi,
1426 2055 1461 2077 ut
1480 2056 1615 2086 nexum,

180 2096 479 2143 addistionemque
495 2097 564 2143 jam
589 2105 698 2130 morte
716 2095 785 2141 ipsa
807 2093 1030 2136 cumularent,
1057 2104 1201 2139 eamque
1218 2092 1349 2137 insuper
1365 2102 1507 2125 mortem
1526 2103 1613 2125 novo

179 2153 342 2178 terrorum
361 2144 500 2186 ostentu,
528 2142 681 2177 horribili
706 2141 849 2184 laniatu,
873 2151 974 2187 atque
996 2140 1149 2174 inaudito
1165 2138 1407 2187 suppliciorum
1431 2150 1553 2183 genere
1580 2142 1614 2173 ἃ

180 2190 370 2226 acerbitatis
388 2190 544 2238 exemplo
567 2188 785 2225 metuendam
811 2186 1018 2223 redderent?

229 2256 320 2302 Jam‚
344 2265 380 2289 ut
399 2254 570 2288 historiam
585 2254 676 2288 istius
698 2254 746 2288 rei
777 2264 960 2299 pertextam,
987 2252 1070 2286 nihil
1090 2265 1108 2286 a
1133 2251 1198 2286 lata
1216 2254 1247 2286 X
1261 2252 1411 2286 virorum
1424 2250 1497 2293 lege
1513 2247 1617 2295 usque

181 2301 223 2337 ad
251 2301 483 2336 Poetelium&
503 2302 675 2347 Papirium
698 2300 787 2335 Coflss
817 2298 938 2346 quibus
965 2298 1148 2334 centesimo
1167 2300 1234 2346 post
1250 2311 1350 2340 anno,
1376 2301 1410 2333 &
1437 2295 1528 2342 quod
1557 2309 1614 2329 ex-

178 2350 285 2385 currit
304 2347 429 2384 sublata
445 2348 504 2392 est,
520 2347 617 2393 nihil,
640 2349 794 2395 inquam,
820 2348 928 2383 literis
944 2346 1166 2392 consignatur,
1183 2345 1273 2393 quod
1288 2344 1503 2392 acerbitatem
1523 2342 1612 2423 illlam

1458 2393 1539 2437 iupp
1556 2391 1613 2424 icii
