2059 2812
424 153 528 215 164
824 134 1082 198 Elementa
1101 132 1258 210 *Juris
1286 126 1455 198 Cim'lis

423 247 538 287 bonis
556 245 730 299 paternis
748 243 1009 299 consanguinei,
1026 255 1242 295 eorumque
1260 242 1404 296 liberi3
1436 244 1477 285 in
1496 245 1684 284 maternis
1702 246 1852 298 uterini,

423 323 640 361 eorumque
658 308 776 347 liberi
794 307 926 361 paffim
944 306 1129 360 praeferri
1146 305 1316 347 soleant.

482 387 515 420 3.
547 371 620 411 His
644 383 805 422 quoque
833 368 1105 409 deficientibus
1128 368 1303 420 proximi
1327 366 1403 407 five
1427 373 1597 420 cognati,
1624 370 1700 410 five
1718 370 1853 424 agnati

422 433 496 473 five
521 432 752 473 discrimine
771 433 878 473 sexus
898 431 1181 478 admittuntur,
1212 431 1266 470 ita
1284 440 1414 469 tamen
1432 440 1475 468 ut
1494 432 1661 483 propior
1675 433 1853 474 excludat

422 497 673 537 remotiores.
705 511 739 537 e.
754 510 793 550 g.
839 499 1004 535 Patruus
1024 492 1385 534 PatrueleS.--—Ut
1413 493 1479 544 qui
1508 493 1680 546 ejusdem
1711 496 1853 549 gradus

421 559 526 608 sunt,
550 560 660 600 fimul
679 562 719 601 in
738 560 867 613 capita
887 558 1310 598 admittantur.—-‘Ut
1327 554 1411 595 sola
1429 556 1571 608 gradus
1589 560 1852 613 praerogativa

421 621 618 675 speetetur
637 624 742 663 ultra
758 623 922 662 fratrum
942 621 1107 669 liberos,
1134 618 1275 671 absque
1294 619 1657 672 repraesentatione,
1685 621 1749 661 vel
1768 622 1854 662 stir-

421 688 547 739 pium,
576 686 683 727 unde
700 687 783 728 orti
802 684 907 732 sunt,
935 682 1262 725 consideratione.

780 795 858 845 De
897 792 1183 859 Succeffione
1219 792 1499 859 Conjugum.

480 915 512 940 1.
546 901 768 941 Deficiente
795 900 905 940 omni
928 899 1169 953 cognatione
1197 897 1294 938 olim
1317 898 1518 952 Conjuges
1543 899 1765 952 superstites
1784 916 1854 941 vo-

421 963 609 1005 cabantur
627 979 674 1005 ex
689 963 837 1003 Edicto
855 963 970 1003 Unde
988 963 1055 1002 Vir
1069 967 1103 1002 &
1118 963 1247 1001 Uxor.
1305 960 1382 1001 Sed
1400 962 1487 1014 jure
1502 964 1711 1004 novissimo
1731 965 1851 1005 etiam

420 1041 510 1066 cum
529 1025 868 1076 descendentibus,
889 1026 1034 1066 nedum
1053 1041 1142 1067 cum
1162 1024 1473 1073 ascendentibus,
1503 1032 1538 1067 ὅ(
1558 1027 1852 1067 collateralibus

422 1105 585 1133 comvx
604 1093 800 1145 Superstes
818 1105 966 1144 pauper
988 1090 1162 1132 succedit
1187 1088 1404 1141 locupleti3
1432 1095 1467 1130 ὅ(
1486 1090 1647 1142 quidem
1665 1090 1692 1130 fi
1721 1092 1850 1144 plures

419 1157 507 1207 fim,
535 1172 649 1210 quam
665 1167 744 1196 tres
765 1155 954 1203 haeredes,
983 1154 1023 1192 in
1045 1154 1276 1206 portionem
1303 1151 1476 1203 virilem5
1509 1166 1599 1192 cum
1618 1163 1683 1193 tot
1701 1153 1853 1192 scilicet

419 1232 553 1276 partes
571 1222 686 1270 fiunt,
714 1230 812 1274 quot
833 1221 923 1261 sunt
953 1218 1154 1272 pers0nae3
1185 1214 1238 1255 fin
1258 1215 1462 1268 pauciores
1490 1215 1535 1255 in'
1555 1227 1751 1269 quartam,
1779 1217 1855 1265 ita,-

420 1300 463 1328 ut
477 1287 501 1328 fi
521 1301 609 1328 cum
624 1286 760 1325 liberis
778 1294 1003 1333 concurrat,
1023 1284 1062 1322 in
1082 1282 1271 1334 portione
1285 1278 1351 1318 sua
1369 1289 1525 1321 tantum
1539 1280 1826 1324 usumfructum
1836 1305 1848 1334 3

418 1349 470 1390 fin
488 1364 578 1391 cum
597 1348 684 1389 aliis
701 1359 882 1402 quartam
902 1347 1021 1401 pleno
1039 1348 1125 1402 jure
1144 1347 1286 1401 capiat.

849 1457 929 1508 De
965 1457 1256 1522 Succff07te
1277 1453 1414 1522 Fifcz‘.>

477 1577 511 1603 1.
544 1564 746 1603 Postremo
771 1561 798 1602 fi
816 1562 949 1601 nullus
966 1560 1011 1601 fit
1032 1561 1236 1601 Succeffor
1254 1559 1454 1615 legitimus
1470 1560 1646 1602 succedit
1667 1576 1713 1603 ΡΙ
1727 1576 1742 1602 s
1755 1574 1855 1611 ovs,-

417 1640 500 1667 non
520 1626 680 1678 quidem
697 1637 740 1666 ut
758 1631 909 1676 Haeres,
935 1626 1002 1666 sed
1021 1625 1131 1666 velut
1154 1626 1196 1664 in
1219 1626 1323 1665 bona
1340 1627 1532 1675 vacantia,
1560 1626 1630 1667 nifi
1657 1640 1730 1680 per
1754 1642 1853 1680 qua-

420 1691 596 1732 driennii
627 1690 966 1744 praescriptionem
1004 1690 1240 1731 excludatur
1271 1704 1294 1729 a
1329 1691 1546 1732 Poffeffore
1585 1692 1699 1732 bonae
1739 1692 1846 1732 fidei,

467 1798 712 1843 consanguinei
727 1798 741 1845 ]
783 1798 1028 1843 consanguinei
1045 1797 1204 1832 dicuntur
1218 1800 1349 1834 Fratres
1366 1799 1525 1839 ἓμοπάτξιοι,
1551 1812 1593 1834 ex
1611 1798 1732 1835 eodem
1753 1809 1844 1846 patre

419 1848 498 1881 nati.
535 1849 625 1882 Hinc
642 1848 785 1891 Virgilius
796 1846 930 1880 AEneid.
948 1851 980 1880 6.
1002 1846 1162 1893 Soporem
1182 1845 1430 1892 appellatLetht‘
1448 1845 1714 1892 szsasgguineum,
1742 1859 1844 1893 quem

418 1895 572 1928 Homerus
588 1892 683 1926 Iliad.
698 1897 725 1935 ξ.
754 1893 897 1933 κασίγνηπν
912 1892 1045 1927 barinto.
1072 1893 1181 1928 Graeci
1197 1893 1315 1934 ὃμαίμκς
1330 1904 1458 1928 vocant.
1488 1896 1656 1928 Dicuntur
1670 1897 1706 1928 &
1720 1893 1847 1937 ξύναιμοι.

419 1940 579 1985 Sophocl.
598 1941 632 1973 in
650 1939 841 1985 ὤεα-Τὸν
858 1940 888 1972 ’ῆς
903 1940 1040 1981 μανέντων
1061 1941 1180 1984 ξύναιμον
1196 1940 1543 1976 &nazarus—Fratrem
1553 1940 1656 1985 furiosi
1671 1949 1818 1974 vocantes.

468 1986 627 2022 Succedit
644 1985 781 2026 Fiscus]
819 1987 974 2021 Si.nemo
1000 1998 1086 2030 erat,
1112 1987 1153 2021 ad
1169 2000 1271 2034 quem
1292 1987 1455 2022 bonorum
1475 1990 1662 2035 pertineret
1679 1985 1846 2031 Poffeffio‚

418 2045 476 2068 aut
493 2033 514 2067 fi
534 2035 609 2080 quis
625 2042 696 2066 erat
712 2032 862 2079 quidem,
883 2032 939 2067 sed
956 2034 1007 2079 jus
1026 2033 1118 2068 suum
1137 2034 1306 2077 omiserat,
1333 2034 1384 2069 vel
1401 2046 1519 2080 capere
1538 2046 1605 2068 non
1623 2043 1764 2079 poterat,
1789 2034 1853 2069 vel*

418 2091 494 2115 ante
512 2092 660 2126 apertum
678 2080 912 2115 testamentum
937 2079 1118 2115 decesserat
1136 2097 1146 2123 ς
1184 2094 1225 2115 ex
1253 2081 1328 2125 lege
1344 2080 1444 2126 Papia
1464 2079 1582 2126 Poppaei
1615 2079 1700 2114 bona
1729 2082 1845 2115 omnia

418 2138 577 2173 tanquam
598 2126 734 2169 caduca,
760 2128 920 2168 vacantia,
948 2128 1074 2173 populo
1092 2127 1340 2171 deferebantur,
1365 2128 1518 2174 adeoque
1535 2126 1732 2161 succedebat
1750 2128 1846 2162 AEra-

418 2176 516 2209 rium.
529 2194 594 2199 —-
608 2174 710 2207 Tacit
728 2174 847 2208 Annal.
869 2173 946 2208 Lib.
966 2174 1029 2208 III.
1054 2176 1188 2211 28.—-
1198 2179 1250 2210 Ut
1266 2177 1348 2210 velut
1364 2178 1478 2210 Parens
1502 2176 1630 2209 omnium
1649 2176 1768 2218 populus
1787 2186 1844 2209 va-

419 2223 522 2256 cantia
540 2221 873 2256 teneret.——Postea
891 2219 1083 2267 hujusmodi
1102 2221 1202 2266 bona,
1227 2233 1268 2256 ex
1285 2231 1378 2267 parte
1395 2234 1462 2255 non
1481 2221 1633 2267 populus,
1659 2220 1713 2255 sed
1731 2219 1844 2255 Fiscus

417 2267 612 2315 occupabat,
637 2268 801 2315 praecipue
818 2277 970 2315 tempore
986 2268 1156 2305 Hadriani.
1208 2270 1366 2318 Denique
1392 2271 1557 2307 Antonium
1573 2270 1724 2315 Bassianus
1742 2270 1843 2304 Cara,-

416 2317 492 2351 salla
509 2316 620 2352 omnia
637 2315 763 2352 caduca
780 2314 877 2353 Fisco
893 2313 1087 2352 vindicavit.

1633 2360 1838 2404 Dicuntur
