2059 2812
604 152 719 205 Lib.
758 152 797 205 J.
872 153 968 208 Tit.
1006 153 1149 208 XIX.
1547 162 1614 224 ’,η

183 264 337 297 tutores
352 251 523 306 legitimi
541 251 780 293 haberentur
795 252 860 296 vel
872 252 1023 302 fratris,
1050 254 1270 305 Sororisve,
1295 253 1359 298 vel
1377 265 1614 300 caeterorum

182 321 363 361 fimilium
380 318 733 371 emancipatorum.

238 397 275 422 2.
306 377 382 420 Sed
413 380 541 419 omnis
570 380 653 422 haec
680 379 886 420 dlstind'tio
920 380 1026 418 inter
1045 382 1225 434 Agnatos
1255 387 1290 422 ὅ(
1310 393 1516 436 cognatos,
1544 397 1615 425 nec

180 459 260 485 non
281 443 387 482 inter
406 444 537 484 causas
554 443 742 497 legitimae
771 442 906 482 tutelae
925 440 1080 481 inutilis
1098 441 1203 484 faeta
1221 445 1289 492 est,
1318 447 1523 498 postquam
1545 447 1614 497 Ju-

172 507 356 560 stinianus·
374 517 609 562 agnatorum
629 514 663 550 ὅ(
685 517 947 560 cognatorum
962 506 1048 560 jura
1067 508 1108 547 in
1126 506 1422 548 succeffionibus
1440 516 1476 551 ὅ(
1488 513 1614 551 Tute-

179 571 226 611 lis
246 572 478 626 exaequavit.
537 571 602 614 Ad
621 583 835 626 cognatum
849 585 948 626 ergo
962 572 1029 624 qui
1046 574 1250 625 proximus
1268 573 1337 621 est,
1355 572 1421 614 vel
1437 571 1464 612 fi
1485 573 1615 626 plures

177 635 348 688 ejusdem
366 635 509 690 gradus
528 635 630 686 sunt,
659 635 708 675 ad
728 649 864 676 omnes
885 648 954 676 eos
976 636 1155 688 pertinet
1173 636 1334 678 Tutela.

236 714 270 748 3.
303 699 380 739 Sed
399 705 433 740 ὅ(
452 699 553 739 illud
571 700 668 753 juris
687 701 797 748 novi,
825 706 859 741 ὃ(
877 699 1242 740 extraordinarium
1262 703 1331 749 est,
1359 700 1472 753 quod
1491 700 1540 741 ad
1560 702 1619 743 vi-

180 762 254 803 rile
276 762 353 804 hoc
369 777 518 811 munus,
547 773 674 803 mater
687 769 722 804 ὅ(
742 766 844 804 Avia
863 763 887 802 fi
907 764 1046 812 velint,
1067 762 1171 815 fique
1192 766 1427 805 renuncient
1442 764 1618 806 secundis

178 825 329 877 nuptiis
356 831 390 866 ὅ(
407 826 495 865 S.C.
511 824 735 875 Velleiano‚
763 825 1041 876 admittantur,
1065 825 1331 880 omnibusque
1351 828 1438 868 aliis
1456 827 1619 882 conjun-

178 887 251 926 etis
270 888 546 940 praeferantur.

701 945 746 993 T
780 961 803 994 1
846 960 894 994 T.
970 946 1088 995 XX.

180 1040 260 1091 De
282 1041 533 1092 Attilz'ano
566 1038 743 1094 Tutore
758 1082 773 1104 ‚
821 1041 894 1104 &⁹
923 1057 974 1092 eo
999 1043 1082 1110 qui
1106 1057 1166 1094 ex
1197 1041 1334 1109 Lege
1362 1043 1510 1111 Julia
1545 1045 1618 1110 &

249 1115 385 1167 Titia
410 1116 637 1167 dabatur.

240 1227 272 1253 1.
304 1216 401 1253 Haec
433 1211 483 1251 de
511 1211 657 1251 Tutela
676 1211 986 1252 Testamentaria
1004 1217 1038 1253 ὅ(
1058 1215 1276 1265 Legitima,
1304 1228 1395 1267 quae
1423 1229 1510 1257 cum
1536 1222 1623 1258 om4

183 1275 281 1315 nino
301 1274 365 1314 vel
383 1273 433 1314 ad
449 1284 604 1324 tempus
624 1273 755 1320 ceffat,
782 1274 915 1312 Tutor
937 1273 1055 1313 datur
1074 1289 1095 1313 a
1115 1276 1363 1329 Magistratu.

238 1352 274 1377 2.
304 1339 401 1378 Non
423 1347 553 1374 autem
573 1333 671 1374 olim
685 1334 791 1389 apud
810 1336 1018 1375 Romanos
1037 1337 1167 1375 omnis
1180 1338 1434 1390 Magistratus
1448 1340 1536 1394 jure
1549 1341 1620 1384 suo

181 1399 386 1439 exercebat
400 1397 499 1437 hanc
518 1397 767 1450 potestatem,
795 1394 862 1434 sed
881 1396 912 1435 is
930 1397 995 1437 cui
1015 1396 1092 1436 hoc
1106 1401 1230 1452 Lege,
1258 1400 1621 1452 Senatulconsulto,

181 1472 249 1501 aut
265 1461 461 1514 Principis
476 1459 774 1509 constitutione,
793 1460 1032 1500 nominatim
1051 1461 1272 1501 conceffum
1288 1472 1387 1503 erat.
1445 1464 1560 1505 Olim
1578 1465 1621 1507 in

183 1523 297 1563 Urbe
325 1521 511 1562 Roman&
540 1535 561 1560 a
581 1526 759 1562 Praetore
785 1520 960 1561 Urbano
977 1527 1012 1562 ὅ(
1038 1522 1189 1575 majore
1208 1531 1321 1574 parte
1343 1523 1621 1569 Tribunorum

183 1587 312 1627 Plebis
346 1600 392 1625 ex
419 1590 468 1627 L.
486 1585 631 1625 Attilia
650 1584 818 1625 dabatur
838 1585 989 1632 Tutor,
1017 1585 1147 1626 dietus
1175 1584 1270 1625 inde
1290 1587 1517 1628 Attilianus.
1572 1593 1621 1632 In

183 1651 401 1705 provinciis
421 1664 518 1691 vero
543 1653 732 1691 Romano
763 1650 935 1703 imperio
961 1649 1146 1704 subjectis
1171 1663 1219 1690 ex
1247 1653 1297 1692 L.
1316 1650 1423 1700 Julia
1450 1656 1486 1694 ὅ(
1513 1651 1622 1694 'Titia‘¹

232 1761 266 1794 Si
293 1759 582 1795 Senatusconsulto
598 1757 778 1794 Velleiano
804 1757 1034 1804 renuncient]
1077 1757 1281 1793 Mulieribus
1297 1759 1465 1806 peculiare
1489 1759 1620 1796 benefi-

185 1809 275 1842 cium
295 1806 480 1841 tribuerunt
494 1806 614 1841 edicitis
635 1804 699 1839 suis
714 1806 878 1849 Augustus
897 1809 933 1840 ὃς
951 1802 1127 1847 Claudius,
1152 1804 1276 1852 quibus
1299 1805 1538 1841 occurrebatur
1555 1808 1621 1842 im-

185 1853 363 1890 becillitati
382 1853 577 1896 mulierum,
604 1865 678 1899 quae
698 1852 867 1900 conjugali
895 1864 1007 1886 amore
1031 1862 1134 1898 atque
1152 1850 1339 1887 inconsulta
1365 1852 1530 1888 facilitate
1553 1852 1621 1889 sese

185 1902 315 1936 temere
332 1899 558 1948 implicabant.
607 1902 726 1945 ltaque
740 1898 919 1934 cavebatur
940 1911 982 1934 ne
1005 1901 1153 1934 virorum
1174 1898 1400 1944 obligatIOnes
1418 1902 1452 1934 in
1473 1900 1504 1934 se
1520 1899 1623 1935 susci-

187 1956 315 1993 perent,
340 1959 421 1981 neve
438 1948 573 1989 achoni,
593 1958 660 1993 qua
675 1947 737 1980 viri
753 1946 962 1988 tenebantur,
978 1945 1009 1980 se
1023 1944 1233 1992 subjicerent.
1274 1947 1328 1981 M.
1346 1946 1485 1981 tandem
1501 1949 1620 1991 Silana,

187 1999 223 2031 δε
242 1995 346 2030 Velleio
364 1994 471 2029 Tutore
489 1995 592 2029 Coss.
611 1992 804 2028 subventum
818 1993 949 2040 plenius
964 1991 1030 2027 fuit
1042 1991 1192 2027 foeminis
1207 1993 1361 2028 omnibus
1376 2006 1436 2040 pro
1449 1994 1524 2029 aliis
1541 1995 1619 2040 qui-

187 2040 378 2086 buscunque
402 2040 489 2075 bona
512 2040 591 2082 fide,
618 2052 684 2075 non
712 2039 846 2083 callide,
870 2051 981 2086 neque
1009 2039 1092 2074 dolo
1117 2039 1417 2086 intercedentibus,
1443 2044 1480 2076 δε
1499 2041 1619 2077 alienis

189 2086 466 2132 obligationibus,
494 2086 620 2122 sciente
633 2086 828 2130 Credstore,
855 2086 1154 2121 consentientibus.

237 2151 287 2182 Ex
311 2150 351 2183 L.
369 2149 471 2183 Atilia
498 2149 639 2184 dabatur
660 2150 794 2197 Tutor]
836 2149 1035 2197 Exemplum
1060 2149 1104 2184 est
1131 2149 1220 2198 apud
1239 2151 1468 2186 Liv.xxx1x.
1490 2163 1524 2194 9.
1557 2149 1616 2185 ubi

192 2193 370 2229 Fescennia
387 2196 519 2243 Hispala
546 2198 615 2245 post
639 2198 774 2232 Patroni
796 2207 950 2239 mortem,
979 2198 1058 2244 quia
1072 2196 1196 2232 nullius
1212 2199 1247 2232 in
1266 2210 1368 2233 manu
1387 2197 1480 2239 esset,
1505 2199 1618 2232 Tuto-

192 2251 298 2275 zorem
318 2254 336 2275 a
353 2242 511 2278 Tribunis
530 2248 567 2280 &
581 2246 727 2279 Praetore
755 2243 889 2291 petiiffe
906 2243 1304 2292 dicitur.—-—Ejusmodi
1316 2246 1429 2279 Tutor
1445 2243 1555 2278 dietus
1570 2243 1617 2278 est

194 2299 358 2323 DATIVVS
376 2300 392 2323 a
411 2289 554 2326 formula
570 2303 636 2338 qua
654 2294 815 2327 Praetores
834 2293 884 2327 uti
903 2290 1054 2326 solebant
1075 2304 1124 2328 Do
1151 2304 1194 2327 τε
1220 2304 1498 2328 τντοκεΜ.--·

936 2388 977 2424 H
1476 2382 1620 2423 Praeses
