2059 2812
544 136 659 190 Lib.
692 136 784 188 III.
857 136 955 192 Tit.
993 138 1213 192 XX'VII.
1497 157 1595 207 203

636 241 682 289 T
718 252 739 290 1
778 256 829 290 T.
900 240 1120 290 XXVII.

678 337 758 388 De
792 336 1057 388 Mandata
1263 381 1284 388 2

219 451 252 475 1.
284 436 502 476 Postremus
521 436 749 476 contractus
767 434 1030 474 consensualis
1048 435 1103 475 est
1124 447 1387 475 MANDATVM.
1430 435 1478 475 Id
1499 449 1595 476 vero

161 500 215 539 est
236 499 438 538 Contraflas
467 498 718 552 consensualis,
748 513 815 552 qao
843 499 1022 552 negotium
1046 496 1226 550 honestum
1253 497 1298 536 ab
1326 499 1399 537 alio
1429 513 1474 536 ex
1497 499 1596 549 fidu-

161 563 218 602 eid
247 563 458 615 commifficm
484 563 605 616 gratis
634 560 971 613 admimstrandum,
996 560 1262 615 gerendumque
1281 560 1496 614 fitscipitur.

214 642 251 668 2.
283 630 392 681 Ergo
409 626 526 666 facile
545 626 608 666 hic
628 626 855 665 contradus
875 625 1052 665 mandati
1073 639 1094 664 a
1113 624 1330 678 negotiorum
1346 623 1500 678 gestione
1517 622 1594 664 dis-

159 690 354 738 cernitur,
383 691 453 742 qui
473 689 573 742 quast
588 688 784 728 contraelus
806 689 848 726 in
869 702 918 727 eo
938 686 1124 735 confistit,
1152 686 1263 739 quod
1282 687 1366 739 quis
1387 688 1593 742 negotium

159 764 242 792 non
263 753 508 792 commiffum
523 751 634 790 ultro
652 750 810 803 suscipit
827 765 944 790 :--a
962 750 1149 797 locatione,
1171 750 1261 802 quia
1280 749 1346 789 hic
1365 752 1595 791 contrad‘tus

160 827 243 853 non
264 816 317 854 est
335 814 532 868 gratuitus
555 830 564 851 :
581 835 631 839 ——
653 826 674 851 a
695 812 842 865 confilio,
869 812 960 864 quia
978 825 1050 864 per
1071 811 1148 852 hoc
1167 824 1250 850 non
1269 810 1481 864 suscipitur
1500 811 1594 851 alie-

158 890 252 915 num
286 876 508 931 negotium,
536 888 608 915 nec
628 874 730 914 istud
755 875 905 929 obligat,
934 874 1000 914 sed
1024 875 1170 928 suadet,
1200 873 1267 913 nifi
1296 873 1595 914 fraudulentum

157 936 203 977 fit
223 953 342 978 z——a
361 937 674 988 commendatione,
702 951 788 990 quae
807 944 841 978 ὅ(
861 936 939 989 ipsa
960 949 1042 976 non
1062 935 1216 991 obligat
1235 936 1418 985 alterum,
1447 936 1509 976 cui
1534 949 1595 977 res

159 1002 460 1042 commendatur
482 1015 604 1041 :—-—a
628 1001 737 1055 juffu,
765 1015 846 1054 quo
865 1010 1019 1040 tantum
1038 1013 1121 1049 eos,
1150 1001 1218 1054 q'ui
1245 1001 1432 1053 potestati
1452 1002 1596 1042 nostrae

156 1064 333 1114 subsunt,
362 1065 599 1120 obligamus.

216 1142 249 1175 3.
280 1127 496 1166 Mandatur
528 1135 597 1165 aut
627 1127 794 1179 expresse
818 1125 962 1173 verbis,
991 1124 1217 1177 litterisque
1246 1124 1350 1164 nulli
1374 1134 1492 1166 certae
1510 1125 1596 1165 for-

158 1189 275 1230 mulae
293 1190 470 1238 astruitis,
591 1199 657 1228 aut
690 1189 815 1236 tacite,
846 1187 872 1227 fi
891 1188 977 1240 quis
997 1187 1164 1240 praesens
1196 1187 1245 1226 ab
1274 1187 1405 1227 altero
1433 1190 1597 1244 negotia

157 1251 224 1293 sua
253 1253 340 1306 geri
370 1251 532 1304 patitur.

212 1330 252 1365 4.
285 1320 411 1356 Prout
432 1327 591 1367 quoque
609 1313 673 1353 vel
691 1313 741 1354 ad
760 1315 893 1354 omnia
911 1312 1032 1362 bona,
1060 1314 1124 1355 vel
1144 1312 1193 1354 ad
1212 1323 1338 1355 certas
1363 1322 1516 1354 tantum
1536 1327 1597 1356 res

157 1377 386 1419 mandatum
405 1378 598 1430 pertinet,
626 1388 786 1417 eatenus
806 1378 867 1418 vel
884 1377 1051 1431 generale
1070 1378 1138 1426 est,
1167 1377 1232 1418 vel
1243 1377 1410 1432 speciale.

215 1458 252 1491 5.
284 1445 343 1480 Ex
365 1439 450 1494 ips&
468 1439 704 1481 definitione
724 1440 899 1480 infertur
927 1440 1154 1480 mandatum
1173 1440 1357 1480 contrahi
1384 1439 1471 1480 solo
1497 1441 1598 1480 utri-

158 1504 278 1556 usque
308 1501 512 1549 consensu,
539 1513 616 1554 pro
648 1516 728 1555 quo
759 1508 794 1544 ἃ
822 1500 1059 1541 ratihabitio
1090 1501 1287 1551 habetur5
1411 1501 1601 1543 Mandari

205 1614 440 1648 MANDATVM.
458 1612 475 1652 ]
511 1611 673 1645 Dextram
692 1608 773 1644 fidei
804 1608 926 1645 sacram
953 1608 1153 1656 judicabant
1170 1618 1320 1650 veteres;
1347 1609 1436 1643 Hinc
1455 1608 1594 1656 quidam

158 1660 349 1696 existimant
371 1657 453 1693 inde
483 1656 613 1691 dietum
638 1654 702 1691 esse
723 1656 927 1699 mandatum,
953 1656 1048 1703 quod
1078 1657 1162 1690 olim
1194 1657 1226 1690 in
1253 1655 1430 1690 commiffo
1452 1659 1594 1700 negotio

156 1706 242 1742 alter
269 1705 366 1741 alteri
396 1717 534 1740 MANVM
561 1716 734 1740 omniur.
787 1705 827 1737 Et
855 1702 1004 1738 adhunc
1023 1704 1125 1738 ritum
1151 1701 1312 1738 adludere
1330 1702 1462 1738 videtur
1479 1704 1587 1739 Plaut.

155 1754 288 1801 Captiv.
307 1755 349 1787 11.
372 1765 403 1799 3.
424 1765 454 1787 v.
474 1751 530 1786 82.

446 1805 523 1839 Haec
537 1816 591 1850 per
611 1804 869 1847 DEXTRAM,
894 1814 936 1846 te,
960 1804 1158 1839 DEXTRA
1173 1805 1303 1838 retinens
1318 1802 1481 1846 MANV,

443 1852 583 1898 Obsecro,
607 1851 750 1897 infidelior
775 1853 848 1887 mihi
864 1864 900 1886 ne
910 1852 1000 1896 fuas,
1025 1863 1115 1897 quam
1136 1862 1186 1895 ego
1200 1851 1268 1896 sum
1284 1852 1350 1892 tibi,

443 1898 490 1932 Tu
508 1901 559 1933 hoc
574 1910 642 1944 age,
668 1900 742 1933 mihi
759 1899 864 1934 Hares
881 1910 956 1933 nunc
973 1912 1017 1941 es,
1043 1908 1074 1932 tu
1089 1900 1249 1938 Patronus,
1274 1907 1309 1932 tu
1327 1899 1432 1932 Pater.

441 1946 508 1980 Tnbi
523 1946 690 1981 commendo
695 1947 772 1992 spes,
788 1946 907 1992 opesque
926 1958 1017 1980 meas.
1058 1956 1131 1979 1³³1.
1152 1944 1229 1979 MA
1237 1944 1344 1978 NDA
1351 1946 1380 1979 V
1382 1946 1402 1990 I
1406 1946 1429 1977 S
1438 1944 1471 1978 T
1472 1947 1492 1980 I
1497 1945 1587 1991 satis.

441 1993 651 2035 Satin’hahes‚
675 1994 823 2027 mandata
839 2004 899 2038 quae
909 1992 994 2038 sunt,
1013 1991 1135 2037 faciali
1153 1989 1274 2036 refero?
1322 2004 1355 2026 T.
1384 1994 1477 2028 Satis.

160 2050 203 2083 Et
217 2049 358 2085 Terent.
376 2048 501 2082 Heaut.
519 2046 584 2081 111.
607 2059 637 2082 1.
657 2058 686 2080 v.
705 2046 759 2081 82.

444 2120 508 2143 ME.
535 2109 614 2142 Cedo
629 2106 876 2142 DEXTRAM
885 2122 894 2142 .·
917 2117 1003 2152 porro
1023 2114 1065 2150 te,
1090 2108 1168 2141 idem
1185 2118 1232 2141 oro
1244 2104 1401 2151 utfacias,
1426 2105 1564 2141 Chreme.

444 2168 500 2190 cn.
528 2155 661 2190 Paratus
678 2154 759 2201 sum.

207 2217 318 2262 Igitur
334 2215 426 2262 quod
445 2215 528 2251 fides
542 2216 682 2263 jubebat
701 2220 738 2252 &
756 2215 877 2263 pudor,
904 2215 968 2249 hoc
990 2216 1134 2262 primum
1151 2213 1300 2249 mandati
1316 2215 1370 2261 jus
1385 2212 1461 2249 fuit.
1514 2211 1588 2245 Post

162 2262 234 2299 usus
251 2265 283 2300 ei
301 2264 466 2298 aetionem
484 2263 671 2307 adinvenit,
697 2262 849 2311 adeoque
866 2261 1062 2298 mandatum
1082 2264 1117 2298 in
1133 2261 1234 2298 civile
1254 2261 1384 2297 transsit
1399 2259 1584 2314 negotium.

866 2364 941 2403 Cc
972 2378 994 2402 2
1502 2369 1587 2398 non
