2059 2812
660 146 776 199 Lib.
810 148 873 199 II.
947 148 1043 202 Tit.
1075 150 1112 202 J.
1541 155 1602 204 81

181 247 288 299 tum}
324 259 412 289 cum
440 244 690 299 Specificatio
721 246 767 287 fit
787 247 960 289 Acceffio
990 247 1167 301 quaedam
1179 276 1192 299 ,
1227 262 1312 303 quae
1343 246 1537 289 industria
1561 248 1606 289 fit

181 311 399 352 hominum.

236 386 296 420 14.
325 373 589 413 OcchATro
620 371 675 411 est
703 372 959 426 apprehensio
985 386 1119 414 earum
1151 386 1294 423 rerum,
1323 387 1408 428 quae
1439 375 1531 416 ante
1561 375 1604 415 in

177 435 323 475 nullius
340 435 454 475 fuere
472 435 667 484 dominio,
708 449 836 488 neque
854 435 903 475 de
920 435 1028 477 facto
1056 437 1277 476 Dominum
1296 437 1457 478 habent.
1512 441 1604 480 Hoc

177 498 300 550 igitur
327 498 449 539 modo
477 499 738 551 adquiruntur
764 500 945 552 regiones
963 498 1142 548 desertae,
1169 513 1263 552 quas
1288 513 1405 539 nemo
1433 514 1604 554 unquam

176 558 247 600 fibi
265 561 454 613 afferuit3
498 575 583 614 quae
601 561 701 603 fiunt
719 560 841 610 illius,
869 562 938 614 qui
964 562 1113 615 primus
1138 574 1201 602 eas
1227 560 1454 616 ingreditur
1471 563 1605 602 animo

175 621 246 662 fibi
266 624 450 672 habendi,
479 625 535 664 ita
555 633 599 663 ut
618 624 812 664 culturam
831 625 886 664 eis
905 624 1106 673 adhibeat,
1135 632 1170 668 ὃ(
1187 634 1317 667 certos
1347 625 1493 665 limites
1510 638 1605 665 con-

176 685 325 735 stituat,
355 688 558 740 quousque
585 701 647 727 eas
669 686 750 726 suas
777 688 854 727 effe
881 688 992 730 velit.
1052 688 1139 728 Ubi
1164 698 1294 728 autem
1313 696 1429 728 caetus
1456 686 1605 727 multo·-

176 759 261 787 rum
284 748 487 789 hominum
506 748 674 801 jund’tim
693 749 945 800 occupaverit
963 759 1116 801 partem
1134 749 1357 802 quampiam
1375 759 1508 797 terrae,
1535 747 1604 788 ufi-

176 810 399 850 tatiffimum
427 811 500 858 est,
536 819 581 848 ut
598 808 752 863 lingulis
778 823 825 849 ex
845 823 895 848 eo
924 820 1034 849 coetu
1053 810 1183 862 aliqua
1210 811 1349 863 portio
1368 809 1603 864 affignetur;

175 884 262 924 quae
281 873 488 926 supersunt
505 871 554 911 ad
573 882 704 912 totum
721 882 860 913 caetum
879 874 1080 926 pertinere
1098 873 1342 915 censeantur.
1400 876 1475 914 Per
1492 888 1605 915 occu-

175 936 377 987 pationem
395 950 554 989 quoque
580 935 846 988 adquiruntur
863 937 1009 987 bestiae,
1045 949 1146 985 aves,
1182 936 1304 989 pisces
1330 938 1373 976 in
1391 938 1507 985 mari,
1531 936 1604 976 flu-

174 999 342 1040 minibus
360 1011 425 1040 aut
444 1000 599 1041 lacubus
613 999 834 1051 versante53
865 1000 1011 1041 cedunt
1025 1013 1122 1055 ergo
1137 1000 1233 1041 ferae
1251 1001 1478 1055 occupanti,
1503 1001 1604 1055 ejus-

175 1075 252 1114 que
281 1064 357 1103 ess'e
384 1063 665 1116 intelliguntur
682 1062 809 1102 donec
828 1062 1044 1104 custodiam
1070 1063 1152 1118 ejus
1177 1061 1389 1112 evaserint,
1428 1063 1544 1117 seque
1562 1063 1604 1103 in

175 1125 393 1164 naturalem
425 1126 648 1164 libertatem
680 1126 916 1176 receperint.
972 1125 1110 1177 Captis
1135 1135 1269 1165 autem
1285 1124 1509 1174 mansuetis,
1537 1134 1605 1164 aut

175 1186 460 1235 mansuefactis,
474 1195 520 1224 ut
533 1186 659 1225 cervis
672 1191 740 1225 ἃς.
758 1185 907 1226 furtum
920 1186 979 1232 fit,
997 1187 1066 1224 nifi
1080 1188 1255 1239 depolit&
1271 1188 1499 1229 revertendi
1511 1203 1606 1229 con-

176 1247 380 1289 suetudine
395 1249 444 1289 ad
462 1249 665 1301 ingenium
678 1247 852 1288 ferarum
871 1247 1079 1290 redierint.
1135 1253 1237 1289 Item
1251 1249 1277 1289 fi
1294 1264 1382 1304 quae
1400 1265 1422 1290 a
1441 1252 1543 1291 mari
1564 1252 1604 1292 in

176 1311 287 1351 littus
306 1311 432 1351 solent
456 1312 569 1365 ejici;
599 1311 722 1351 modo
752 1322 881 1352 tamen
907 1326 980 1366 per
1005 1314 1216 1365 imperium
1244 1315 1362 1355 civile
1381 1315 1604 1367 promiscua

174 1375 364 1426 ejusmodi
384 1388 515 1414 rerum
534 1384 697 1428 captura
714 1390 794 1415 non
817 1374 862 1415 fit
890 1376 1117 1425 interdicta,
1144 1386 1212 1417 aut
1231 1388 1346 1418 certo
1363 1378 1481 1419 alicui
1498 1379 1605 1435 affig-

174 1447 277 1478 nata.
334 1439 496 1479 Nceeffe
513 1439 567 1477 est
583 1450 678 1478 vero
692 1437 718 1478 fi
735 1440 866 1479 nostra
879 1437 1049 1480 debeant
1061 1441 1163 1489 fieri,
1189 1450 1235 1480 ut
1251 1441 1519 1494 corporaliter
1536 1442 1605 1483 ad-

174 1499 471 1551 prehendamuS,
489 1504 523 1540 ὅ(
538 1501 580 1539 in
598 1501 769 1541 nostram
783 1501 1013 1555 potestatem
1035 1502 1269 1556 redigamus.
1327 1504 1603 1557 Occupatione

174 1577 329 1616 quoque
348 1562 609 1617 adquiruntur
628 1578 688 1604 res
719 1565 760 1605 in
784 1565 927 1618 quibus
940 1567 1193 1614 nomnium,
1225 1567 1290 1608 cui
1309 1575 1401 1607 ante
1419 1566 1603 1622 subjedtae

176 1623 346 1672 fuerant,
377 1624 494 1677 plane
511 1626 566 1665 est
584 1626 817 1666 extinctum.
875 1628 974 1667 Puta
992 1628 1019 1668 fi
1043 1641 1130 1681 quae
1148 1625 1393 1682 abjiciuntur
1411 1641 1457 1668 ea
1475 1628 1603 1669 inten-

176 1686 300 1735 tione,
327 1700 376 1726 ne
395 1686 562 1741 amplius
580 1702 625 1729 ea
646 1686 720 1728 sint
738 1688 882 1736 nostra,
910 1700 978 1729 aut
997 1704 1083 1745 quae
1102 1689 1151 1728 ab
1171 1689 1290 1730 initio
1310 1689 1428 1732 inviti
1455 1689 1606 1731 amitti-

225 1797 276 1828 Ut
294 1797 397 1830 cervis
416 1795 506 1842 &c.]
544 1795 741 1843 Exemplum
760 1797 847 1831 cervi
864 1799 912 1832 ita
930 1797 1072 1832 instituti
1089 1810 1108 1832 a
1123 1799 1246 1847 Urrhei
1263 1798 1388 1841 liberis,
1416 1800 1451 1834 δε
1468 1797 1601 1845 praeser-

179 1843 242 1876 tim
259 1844 355 1878 Silvia
373 1841 455 1887 filia,
486 1841 644 1878 habemus
660 1843 749 1890 apud
765 1846 923 1890 Virgilium
941 1846 1016 1879 AEn.
1033 1844 1109 1880 Lib.
1125 1858 1159 1885 7.
1181 1858 1211 1880 v.
1227 1847 1305 1893 483.

509 1891 621 1925 Cervus
639 1900 704 1925 erat
713 1890 813 1934 forma
823 1891 983 1938 prastantss
1007 1890 1044 1927 θ’
1059 1893 1191 1928 cornibus
1205 1896 1321 1938 ingens,

510 1937 669 1985 Iyrrhet'a'ae
682 1939 782 1983 pueri,
805 1950 891 1984 quem
909 1941 1018 1974 matris
1036 1941 1072 1973 ab
1091 1941 1178 1974 ubere
1193 1950 1313 1986 raptum

510 1985 688 2027 Ntaetribant,
714 1985 917 2032 Tyrrheusque
935 1988 1040 2028 Pater,
1066 1988 1114 2020 cui
1135 1989 1218 2032 regia
1235 1996 1346 2035 parem

505 2034 668 2073 Armenta,
693 2030 729 2065 ά·
747 2030 810 2066 lar&
827 2032 951 2078 custodia
969 2034 1082 2067 credita
1096 2035 1206 2079 campi.

509 2077 663 2120 Affuetum
679 2079 809 2123 imperiis
819 2079 900 2125 [ὄνον
913 2082 991 2115 omni
1007 2081 1111 2129 Sylvia
1129 2080 1204 2115 cura‘*

508 2125 656 2159 Iv1ollibus
670 2127 803 2160 intexens
820 2127 945 2160 ornabat
961 2138 1067 2161 cornua
1076 2129 1183 2170 Sertis,

507 2173 704 2217 Perlebatque
716 2171 827 2217 ferum,
848 2183 976 2218 puroque
993 2176 1024 2208 in
1035 2172 1120 2218 fonte
1137 2175 1273 2210 lavabat.

507 2221 565 2253 Ille
583 2230 704 2252 manum
716 2222 847 2263 patiens,
875 2220 1032 2265 mensaque
1050 2224 1172 2266 assuetus
1186 2223 1274 2256 herili

509 2266 645 2298 Errabat
654 2265 757 2315 sylvis,
782 2267 939 2312 rursusque
956 2270 995 2302 ad
1016 2269 1120 2301 limina
1138 2278 1209 2302 nota

514 2311 575 2355 Ipse
593 2312 709 2348 domum
724 2311 796 2358 sera*
811 2316 947 2358 quamvis
962 2315 996 2359 se
1018 2318 1096 2350 noste
1110 2313 1238 2359 ferebar.

934 2370 969 2408 L
1509 2378 1605 2413 mus,
