2059 2812
441 175 542 222 114
836 152 1095 205 Elementa
1125 150 1269 218 Juris
1298 152 1467 206 Civilis

437 256 608 306 va11um3
646 252 826 305 Prodigi,
854 263 1040 305 tanquam
1073 250 1249 292 civiliter
1280 249 1434 303 furiosi,
1469 253 1612 308 quibus
1642 270 1663 296 a
1692 258 1870 300 Praetore

438 320 552 358 bonis
572 316 834 359 inter-diffitum
854 317 921 356 est.

492 398 529 431 5.
560 381 719 430 Tertio,
746 381 815 421 alii
846 380 900 420 ob
933 380 1075 421 vitium
1108 380 1307 433 corporiS,
1336 379 1391 419 ob
1421 381 1524 433 quod
1557 383 1801 424 voluntatem
1833 392 1868 427 ἃ

436 445 556 484 animi
575 444 681 484 sensa
700 443 905 484 declarare
923 457 1004 482 non
1024 444 1196 496 possunt,
1226 442 1358 495 quales
1387 441 1475 481 sunt
1494 445 1676 485 nonnulli
1697 446 1805 486 surdi
1836 451 1870 486 δε

434 508 548 549 muti.
601 509 725 548 Coeci
756 507 889 548 testari
910 506 1081 559 possunt,
1108 505 1329 546 dummodo
1350 505 1547 546 haeredem
1565 519 1806 562 nuncupent,
1835 514 1869 550 ὃ(

434 571 497 612 vel
530 570 804 618 tabellionem,
846 570 916 622 qui
948 570 1289 621 nuncupationem
1324 568 1510 620 excipiat,
1543 580 1690 623 praeter
1722 571 1870 623 septem

432 635 546 673 testes
575 632 804 681 adhibeant,
836 631 896 672 vel
929 632 1116 672 oetavum
1144 632 1295 681 testem,
1323 631 1536 685 omnesque
1563 632 1806 674 subscribant
1836 639 1870 674 δε

431 696 594 750 fignent.

489 768 524 799 6.
556 763 732 815 Qarto,
751 763 797 798 In
815 771 977 811 poenam
994 758 1226 811 quibusdam
1247 773 1326 799 non
1341 758 1593 812 permittitur
1605 756 1735 800 facere
1753 760 1870 800 testa-

428 834 623 873 mentum,
653 824 778 863 veluti
809 824 886 863 reis
918 822 1017 863 laesae
1046 824 1285 878 Majestatis;
1326 825 1525 877 Apostatis
1554 829 1589 864 ὃ(
1623 824 1867 874 Haereticis;

428 886 591 926 incestas
619 886 777 938 nuptias
796 885 1126 926 contrahentibus
1143 906 1154 937 3
1184 886 1236 927 ob
1253 899 1408 926 carmen
1427 885 1620 926 famosum
1647 886 1710 926 vel
1729 886 1869 938 capitis

425 949 620 989 damnatis
638 971 649 1001 3
678 949 744 1002 qui
766 950 864 989 olim
883 949 985 989 servi
1005 963 1138 1002 poenae
1159 950 1318 999 fiebant,
1335 949 1516 1002 bonaque
1535 961 1675 988 eorum
1692 948 1869 1001 publica-

426 1014 586 1054 buntur.
644 1017 884 1068 Qanquam
916 1025 1044 1055 autem
1069 1020 1103 1055 ὃ(
1123 1014 1288 1054 servitus
1309 1028 1459 1068 poenae‚
1485 1020 1521 1055 ὅ(
1547 1013 1767 1067 publicatio
1794 1012 1868 1052 bo-

424 1090 571 1116 norum
591 1075 740 1116 sublata
759 1078 814 1117 est
828 1078 918 1129 jure
943 1078 1133 1117 Romano
1151 1090 1273 1126 novo,
1302 1077 1347 1118 id
1366 1088 1499 1118 tamen
1519 1077 1653 1118 testari
1671 1074 1866 1117 damnatis

423 1139 503 1178 illis
524 1153 606 1179 non
624 1140 842 1194 permittit.

472 1244 627 1288 Prodigi,
654 1253 814 1289 tanquam
832 1240 976 1276 civiliter
992 1241 1135 1290 furiosi]
1177 1243 1256 1280 Val.
1275 1246 1369 1279 Max.
1391 1244 1505 1289 Lib.3.
1526 1250 1794 1291 cap.5.—-Age
1809 1247 1870 1297 Q

424 1294 506 1327 Fabii
522 1293 663 1326 Maximi
680 1290 855 1333 Allobrogici
873 1288 909 1323 &
935 1292 1007 1325 civis
1026 1289 1062 1325 &
1081 1293 1273 1334 Imperatoris
1290 1289 1440 1334 clarz‘ffimi
1452 1292 1536 1336 filius
1554 1291 1733 1339 QFabius
1748 1295 1865 1328 Maxi-

424 1352 503 1382 mus,
525 1350 617 1385 quam
629 1339 783 1382 perditam
801 1334 923 1370 luxurii
942 1339 1037 1371 vitam
1054 1340 1139 1381 egit?
1167 1340 1250 1379 cujus
1266 1347 1302 1372 ut
1320 1347 1424 1371 caetera
1443 1339 1564 1382 flagitia
1582 1341 1786 1384 obliterentur,
1812 1351 1864 1376 ta-

424 1399 492 1421 men
511 1386 627 1419 abunde
643 1386 694 1418 illo
712 1385 849 1417 dedecore
867 1395 959 1417 mores
977 1386 1085 1417 nudari
1110 1384 1237 1429 poffunt,
1265 1385 1340 1428 quod
1357 1386 1384 1417 ei
1400 1384 1628 1432 QPompeius
1645 1388 1754 1421 Praetor
1771 1390 1864 1423 urba-

422 1445 476 1467 nus
493 1435 551 1467 PA
563 1433 627 1467 TE
638 1432 664 1464 R
673 1433 761 1466 NIS
785 1432 810 1464 Β
820 1433 849 1464 Ο
859 1431 945 1466 NIS
967 1432 1094 1465 INTE
1105 1430 1203 1466 RD'I
1211 1431 1310 1473 XIT,
1336 1443 1429 1476 neque
1459 1433 1491 1465 in
1518 1442 1606 1466 tanta
1635 1435 1772 1477 civitate,
1809 1437 1860 1479 qui

415 1481 494 1513 villud
513 1481 676 1513 Decretum
696 1478 928 1522 reprehenderet,
956 1478 1096 1511 inventus
1114 1478 1162 1523 est.
1215 1479 1362 1512 Dolenter
1380 1480 1457 1511 enim
1475 1479 1604 1512 homines
1613 1477 1755 1524 ferebant
1767 1491 1862 1526 pecu-

422 1528 517 1568 niam,
543 1538 600 1570 quae
627 1525 717 1559 Fabia
741 1525 844 1567 gentis
858 1525 1005 1566 splendori
1023 1523 1141 1566 servire
1171 1525 1307 1566 debebat,
1331 1525 1462 1569 flagitiis
1493 1526 1601 1567 disjici.
1696 1540 1761 1562 uem
1792 1540 1861 1574 ergo

421 1574 515 1607 nimia
526 1573 628 1617 patris
649 1570 835 1615 indulgentia
852 1570 991 1603 heredem
1009 1572 1184 1616 reliquerat,
1204 1573 1329 1616 publica
1339 1570 1486 1615 severitas
1507 1574 1716 1609 exhaeredavit.

525 1672 684 1740 JUS
716 1671 912 1722 ANG
935 1671 984 1722 L
1004 1670 1384 1724 [CANUM.
1426 1675 1486 1725 ad
1512 1676 1612 1726 Tit.
1629 1677 1753 1727 ΧΠ.

468 1775 550 1820 Jure
571 1772 682 1806 nostro
706 1771 815 1818 aliqui
845 1770 1069 1817 prohibentur
1090 1771 1322 1807 testamentum
1348 1771 1459 1809 facere
1477 1773 1666 1820 sempliciter,
1692 1774 1798 1821 aliqui
1823 1776 1861 1811 de

422 1823 509 1855 certis
527 1821 621 1855 rebus.

470 1866 584 1901 Infans
611 1865 811 1913 prohibetur
837 1863 1044 1911 fimplieiter.
1098 1864 1163 1900 Sed
1185 1865 1352 1901 Infantem
1374 1866 1560 1913 dupliciter
1579 1868 1644 1902 hoc
1667 1868 1741 1903 casu
1770 1870 1858 1904 acci-

419 1915 529 1961 pimus
547 1930 556 1954 ;
580 1926 649 1948 uno
665 1913 767 1947 modo
784 1910 972 1946 Masculum
993 1914 1053 1958 qui
1075 1925 1201 1948 annum
1220 1913 1391 1948 decimum
1407 1926 1574 1960 quartum,
1599 1924 1655 1948 aut
1668 1917 1856 1951 Foeminam

419 1972 493 2007 quae
518 1959 759 1995 duodecimum
784 1972 850 1993 non
881 1958 1077 2005 complevit,
1102 1960 1181 2004 alio,
1208 1963 1280 2008 qui,
1305 1960 1359 1996 vel
1386 1973 1458 2007 quae
1476 1973 1543 1995 non
1562 1960 1757 1996 vicesimum
1786 1964 1856 2008 pri-

419 2020 523 2043 mum.
578 2007 632 2043 Illi
651 2007 761 2041 testari
781 2005 911 2052 prorsus
930 2018 997 2039 uon
1019 2006 1174 2052 poffi1nt;
1201 2010 1249 2042 Hi
1270 2008 1313 2043 de
1328 2008 1469 2043 Catallis
1486 2007 1630 2055 poliunt,
1658 2021 1724 2042 non
1739 2017 1851 2044 tamen

418 2055 462 2089 de
484 2056 594 2099 terris,
621 2067 702 2101 quas
722 2062 886 2100 perpetuo
902 2053 975 2099 jure
994 2063 1124 2098 tenent,
1152 2054 1212 2090 nifi
1230 2053 1438 2090 cousuetudo
1453 2055 1520 2090 loci
1539 2055 1603 2089 hoc
1619 2054 1719 2090 ferat.

465 2104 574 2144 idiota,
602 2102 637 2136 id
656 2102 712 2145 est,
738 2100 814 2134 talis
839 2102 897 2146 qui
925 2100 969 2134 de
989 2112 1025 2134 re
1050 2101 1164 2148 aliqua
1191 2102 1284 2137 facili
1315 2106 1354 2138 &
1372 2102 1499 2146 vulgari
1518 2103 1741 2146 interrogatus
1771 2104 1850 2149 apte

418 2148 617 2196 respondere
632 2161 697 2183 non
716 2148 833 2196 potest,
855 2149 938 2182 item
957 2149 1175 2196 Deportatus,
1202 2161 1303 2197 quem
1330 2162 1388 2184 nos
1405 2149 1565 2194 Exlegem
1581 2148 1644 2185 five
1662 2148 1848 2193 utlagaturn

416 2194 571 2232 dicimus.

467 2245 632 2279 Praeterea
647 2257 714 2280 reus
731 2241 796 2288 laesae
813 2240 987 2287 Majeflatis
1004 2242 1192 2278 testamenti
1208 2241 1391 2278 faffionern
1410 2257 1476 2278 non
1493 2243 1606 2286 habet,
1632 2245 1712 2290 quia
1733 2243 1755 2278 fi
1774 2244 1846 2280 e'us

418 2292 568 2325 criminis
585 2292 692 2339 postea
708 2291 939 2332 convincatur,
959 2291 1075 2324 omnia
1091 2302 1163 2337 quae
1178 2300 1331 2336 ternpore
1346 2292 1493 2326 criminis
1510 2290 1674 2326 commissi
1689 2291 1778 2338 poffe
1806 2293 1845 2334 it,

417 2337 468 2374 vel
486 2337 590 2386 quafi,
616 2339 707 2383 Regi
725 2336 760 2374 δε
772 2337 867 2372 Fisco
885 2334 1263 2385 forisfacit—Neque
1280 2340 1396 2375 Fetoniae
1414 2352 1500 2382 reus,
1526 2337 1844 2421 QOddfiffedifine

1656 2397 1665 2419 1
1695 2398 1727 2420 m
1765 2397 1845 2421 ione
