2059 2812
589 136 698 190 Lib.
737 137 802 189 Π.
873 135 970 190 Tit.
1006 136 1201 189 XVJH.
1509 153 1604 203 129

240 255 275 290 3.
303 241 418 281 Hanc
434 248 532 290 ergo
551 235 749 277 actionem
768 236 962 277 vocabant
981 236 1186 290 querelam3
1223 233 1315 288 quia
1333 233 1495 288 cognati
1511 247 1605 287 pro-

179 304 268 356 prie
292 316 372 343 non
391 299 571 341 accusare
597 304 632 341 ὅ(
654 300 835 352 litigare,
874 300 941 339 sed
958 300 1153 351 conqueri
1171 298 1277 338 inter
1295 298 1334 337 se
1354 297 1602 339 dicebantur.

182 366 385 408 vocabant
404 364 605 418 querelam
623 362 805 414 inofficicfi‚
833 362 924 415 quia
953 360 1287 414 quemadmodum
1313 360 1483 411 beneficia
1510 359 1605 399 alie-

180 441 325 468 norum
343 428 459 480 sunt3
498 427 554 467 ita
572 425 683 476 efficia
700 438 854 473 eorum,
882 437 981 477 quos
998 422 1239 464 neceffitudo
1258 422 1416 464 suscitat
1435 429 1470 465 ὅ(
1487 436 1605 476 opem

177 491 285 532 ferre
302 491 426 545 jubet.

234 566 274 601 4.
303 551 652 608 Qemadmodum
683 562 784 603 ergo
817 546 1081 601 Ustamcntum
1119 546 1343 600 inofficiosum
1378 547 1456 594 est,
1496 547 1607 598 quod

177 618 287 657 redte
305 615 483 668 quidem,
510 614 577 655 sed
597 628 677 654 non
697 627 745 653 ex
763 612 897 653 officio
916 611 1076 664 pietatis
1095 609 1256 658 factum,
1295 609 1337 649 id
1356 609 1426 656 est,
1463 608 1505 648 in
1524 620 1606 659 quo

176 677 223 726 ii,
250 677 393 730 quibus
422 677 591 718 debetur
621 676 758 729 portio
789 674 1034 716 haereditatis
1059 674 1236 726 legitima
1263 671 1339 712 five
1368 671 1466 724 justa
1493 668 1607 710 causa

177 740 242 780 vel
259 741 482 782 exhaeredes
501 741 654 792 scripti,
681 740 744 780 vel
763 738 962 791 praeteriti
980 737 1084 786 sunt,
1113 738 1169 776 ita
1190 736 1337 789 querela
1356 732 1532 787 inofficiosi
1552 733 1608 773 est

178 802 316 850 Aetio,
344 816 420 855 qua
438 802 483 849 ii,
510 801 646 855 quibus
664 800 833 840 debetur
852 798 991 852 portio
1009 798 1189 852 legitima
1207 794 1346 850 injuste
1365 793 1607 835 exhaeredati

177 863 240 904 vel
258 864 453 915 praeteriti
471 875 594 917 agunt
613 872 754 904 contra
767 861 942 903 haeredes
960 860 1173 908 institutos,
1201 869 1246 898 ut
1264 861 1536 899 testamentum
1555 870 1607 897 eo

176 926 326 977 colore,
355 927 463 981 quod
482 930 646 969 testator
664 941 746 967 non
764 927 864 966 sanae
882 927 1024 965 mentis
1042 924 1167 963 fuerit
1185 922 1439 963 rescindatur.

232 1003 269 1035 5.
290 991 422 1029 Datur
439 999 570 1030 autem
590 989 673 1029 haec
693 989 799 1029 aecio
823 1003 856 1028 1.
873 987 1029 1027 Liberis
1047 985 1238 1039 legitimis
1253 983 1331 1024 fine
1349 982 1606 1023 distinctione

175 1052 319 1104 gradus
337 1063 405 1093 aut
422 1052 547 1101 sexuS,
566 1052 641 1093 five
658 1052 715 1091 sui
734 1051 821 1100 fint,
838 1050 915 1091 five
931 1048 1193 1101 emancipati:
1223 1046 1283 1086 sui
1299 1056 1430 1086 tamen
1449 1059 1472 1085 a
1490 1047 1608 1085 Patre

176 1117 372 1165 praeteriti
391 1117 664 1155 testamentum
684 1114 819 1155 dicunt
837 1113 1017 1163 nunum;
1045 1110 1284 1162 emancipati
1300 1110 1502 1150 bonorum
1518 1106 1608 1160 pos-

176 1177 376 1218 seffionem
407 1188 548 1218 contra
575 1177 726 1217 tabulas
753 1176 913 1216 habent.
972 1190 1009 1214 2.
1038 1173 1274 1214 Parentibus
1290 1172 1367 1212 five
1391 1170 1608 1223 praeteritis

177 1237 253 1278 five
271 1239 530 1284 exhaeredatis
549 1248 690 1279 contra
708 1239 934 1278 testamenta
951 1235 1186 1282 liberorum,
1200 1234 1268 1286 qui
1284 1232 1419 1273 testari
1434 1230 1606 1284 poffunt.

182 1316 217 1348 3·
248 1302 453 1342 Fratribus
478 1302 672 1354 germanis
699 1307 734 1342 ὅ(
759 1297 1071 1352 consanguineis,
1097 1296 1125 1336 fi
1143 1297 1185 1335 in
1210 1295 1347 1335 fratris
1371 1295 1607 1335 testamento

179 1364 308 1416 turpis
328 1363 390 1404 vel
414 1363 493 1404 levi
513 1362 666 1403 macula
683 1371 845 1402 notatus
864 1360 988 1400 haeres
1004 1358 1204 1399 institutus
1220 1355 1280 1397 fit.

232 1433 270 1466 6.
299 1427 473 1465 Effectus
491 1425 662 1477 querelae
679 1424 777 1463 olim
803 1432 889 1461 erat
918 1421 1046 1459 totius
1071 1418 1296 1459 testamenti
1322 1417 1495 1459 eversio:
1534 1429 1607 1458 nec

176 1488 336 1535 mirum,
364 1488 457 1540 quia
476 1485 683 1526 dicebatur
699 1498 720 1523 a
738 1484 922 1524 demente
938 1482 1087 1524 factum
1105 1501 1116 1532 3
1146 1482 1231 1533 jure
1250 1480 1457 1520 noviffimo
1475 1489 1610 1520 autem

176 1551 259 1591 sola
276 1549 445 1590 haeredis
464 1549 664 1589 institutio
683 1556 913 1590 evacuatur,

233 1630 270 1660 7.
300 1615 431 1654 Ceffat
460 1613 545 1653 haec
564 1612 684 1654 actio.
746 1626 780 1652 1.
810 1611 849 1650 Si
868 1610 950 1650 alio
967 1609 1069 1663 jure,
1098 1608 1164 1649 vel
1182 1607 1259 1647 alia
1278 1606 1342 1647 via
1360 1604 1410 1646 ad
1429 1604 1609 1646 defuneti

176 1678 303 1726 bona,
338 1677 412 1719 five
442 1676 741 1725 haereditatem,
775 1674 841 1715 vel
870 1673 953 1727 ejus
982 1680 1137 1725 partem
1169 1668 1440 1710 exhaeredatus
1471 1670 1611 1709 venire

176 1741 290 1793 poffit
305 1762 317 1791 3
361 1742 428 1782 Est
446 1741 552 1780 enim
569 1738 707 1779 odiosa
725 1736 901 1791 querela,
927 1741 962 1776 δι
980 1735 1021 1774 in
1039 1732 1251 1775 subsidium
1268 1731 1442 1774 inventa.
1499 1747 1537 1772 2.
1566 1729 1609 1772 Si

177 1803 444 1844 exhaeredatus
471 1803 536 1843 vel
554 1802 776 1856 praeteritus
795 1799 1088 1841 renunciaverit
1106 1796 1293 1851 querelae,
1320 1794 1384 1836 vel
1414 1793 1610 1848 expresse,

179 1867 241 1908 vel
259 1868 378 1907 etiam
405 1867 528 1907 tacite
547 1887 559 1918 5
598 1878 739 1918 nempe
757 1863 783 1905 fi
801 1876 873 1917 per
891 1861 1206 1916 quinquennium
1224 1859 1316 1899 huic
1336 1858 1486 1899 aetioni
1510 1871 1610 1911 prae-

180 1930 369 1985 scriptum
387 1931 475 1985 post
493 1928 643 1970 aditam
663 1928 936 1970 haereditatem
955 1925 1138 1968 tacuerit.
1201 1940 1236 1974 3.
1267 1922 1305 1963 Si
1324 1922 1547 1977 agnoverit,
1573 1929 1608 1965 ἃ

227 2038 373 2087 Qerela
389 2037 591 2085 inofficiofi]
620 2038 694 2082 Qi
709 2035 751 2072 de
768 2033 954 2071 inofficioso
973 2035 1187 2069 Testamento
1205 2029 1468 2077 cognoscebant,
1490 2040 1611 2065 contra

182 2085 317 2128 liberos,
343 2087 403 2131 qui
423 2084 575 2130 querelas
603 2083 810 2129 pertulerant
829 2084 878 2117 his
898 2082 1004 2118 ferme
1029 2080 1137 2116 verbis
1154 2078 1609 2127 pronunciabant--Videri

183 2134 305 2167 Patrem
315 2131 405 2178 justas
423 2132 568 2178 irascendi
578 2133 642 2177 filio
658 2131 760 2176 causas
775 2129 900 2175 hahuisse
915 2147 925 2172 5
952 2127 1241 2176 quemadmodum
1259 2125 1346 2160 Plin.
1370 2125 1485 2171 Lib.5.
1506 2127 1604 2169 Ep.1.

182 2177 224 2211 ad
243 2179 395 2212 Severum
412 2178 738 2214 docem—Deinde
750 2177 858 2224 secessi,
883 2175 921 2212 (θ’
939 2190 976 2210 ex
998 2176 1103 2221 consilii
1114 2171 1610 2219 fientemid--VIDETVK

184 2228 320 2268 inquam,
347 2225 585 2268 CVRIANE,
614 2225 800 2262 MATER
825 2226 916 2260 TVA
942 2222 1118 2259 IVSTAS
1141 2221 1407 2258 HABVISSE
1433 2216 1614 2253 CAVSAS

185 2273 481 2309 JRASCENDI
504 2272 630 2309 TIBI.

961 2341 1001 2379 R
1506 2344 1612 2373 com-
