2059 2812
415 156 484 205 54
820 138 1083 191 Elementa
1114 138 1260 206 Juris
1291 140 1462 193 Civilis

404 238 508 283 fertur
535 238 576 273 ad
603 238 713 272 Patres
738 237 775 272 de
796 247 883 283 poena
894 236 1104 282 foeminarum,
1130 252 1192 284 qua
1209 240 1304 286 serw'x
1329 244 1587 287 conjungerentur,
1606 241 1862 289 statuiturquestt

411 288 518 333 ignaro
534 287 650 321 domino
667 287 706 319 ad
721 286 751 320 id
764 286 901 332 prolapsa
917 288 947 320 in
959 286 1128 331 servitiam
1147 287 1194 333 fin
1209 287 1415 334 consenfiffent,
1435 299 1488 334 pro
1505 292 1617 325 libertis
1630 291 1823 325 haberentur.

459 335 614 369 MINORE
643 331 709 366 five
736 345 860 368 MEDIA
879 335 1002 379 capitis
1029 336 1271 370 Diminutione
1298 336 1444 370 civitatis
1461 346 1590 371 tantum
1609 339 1684 384 jura
1709 336 1793 372 salv-3.
1821 339 1862 373 li·

409 380 542 417 bertate
559 379 840 427 perimebantur,
875 381 1030 428 adeoque
1049 382 1072 415 ii
1093 384 1149 428 qui
1166 394 1263 417 erant
1277 384 1309 416 in
1327 382 1412 417 hanc
1428 383 1661 419 conditionem
1676 385 1800 432 delapsi
1821 385 1862 420 ad

411 429 690 477 peregrinitatem
721 428 972 473 redigebantur.
1033 431 1074 462 Et
1104 430 1203 475 hujus
1241 429 1379 478 quidem
1416 429 1622 466 conditionis
1655 433 1864 468 habebantur

412 488 561 519 Exulis,
590 475 713 524 quibus
743 477 831 524 aqu-21
859 481 895 511 &
924 478 1000 520 igne
1026 476 1138 511 fuerat
1168 478 1406 512 interdictum.
1458 481 1586 522 Magna
1603 490 1718 515 autem
1745 483 1862 516 Romae

409 533 482 559 erat
509 524 601 558 inter
630 536 820 560 exsutvyr
844 528 880 559 δε
903 536 1199 560 RELEGANONEM
1229 525 1438 560 differentia.
1492 525 1582 560 Illud
1607 528 1682 574 jura
1712 530 1861 564 civitatiss

409 570 614 621 perimebat,
639 585 746 620 quum
772 572 939 616 relegatus
953 584 990 605 ea
1004 570 1089 606 salva
1105 573 1255 608 haberet.
1309 575 1401 608 Hinc
1416 572 1520 608 Ovid.
1542 575 1645 609 Trist.
1664 589 1696 610 2.

746 627 875 675 Qppe
899 629 1198 670 RELEGATVS,
1225 641 1281 664 non
1298 629 1456 664 EXSVL
1479 630 1561 664 dicor
1580 631 1611 664 in
1629 632 1692 672 illo,

842 677 1004 721 Parcaque
1027 676 1155 721 fortuna
1170 676 1243 722 sunt
1268 679 1323 712 tibi
1345 678 1437 713 verba
1464 688 1544 712 mex.

407 731 521 778 Qam
540 727 774 765 differentiam
793 729 874 764 alibi
894 732 939 765 ita
955 729 1131 766 describit.
1185 732 1289 766 Trist.
1303 732 1345 769 V.
1365 745 1396 767 2.

749 785 814 820 Nec
831 786 941 828 vitam,
968 799 1022 821 nec
1036 796 1112 830 opes,
1132 789 1184 828 jus
1200 799 1251 822 nec
1268 788 1339 821 mihi
1358 787 1432 821 civis
1446 786 1560 821 ademit
1570 803 1581 829 ;

843 834 901 866 Nil
918 833 971 879 nist
987 847 1033 868 me
1050 836 1162 878 patriis
1179 834 1268 879 juffit
1290 833 1382 878 abeffe
1394 833 1482 877 focis.

746 880 810 926 Ipse
827 881 1020 963 RffLEGA
1029 883 1093 925 TI,
1117 894 1173 917 mm
1196 882 1420 918 EXSVLIS
1439 884 1536 916 utitur
1553 884 1584 917 in
1602 894 1648 917 me

877 941 984 963 omme.

407 980 461 1016 Ad
491 981 654 1017 Exsilium
679 982 773 1029 quod
804 985 942 1026 attinet,
970 985 1069 1019 Cives
1095 983 1138 1019 ad
1171 983 1259 1019 illud
1290 982 1514 1029 adigebantur
1540 997 1645 1029 AQVAE
1676 998 1715 1020 ET
1746 997 1860 1021 roms

412 1041 742 1073 lxreaorcnoNE,
769 1032 828 1077 qui
850 1032 933 1065 ritus
948 1031 1051 1078 paulo
1070 1031 1170 1067 altius
1191 1032 1328 1067 videtur
1349 1031 1561 1080 repetendus,

459 1078 735 1124 Antiquissimum
752 1077 817 1112 hoc
830 1089 903 1112 erat
916 1078 998 1125 juris
1011 1081 1394 1128 RomaniPrincipium‚
1416 1082 1583 1114 neminem
1607 1080 1699 1128 posse
1717 1081 1861 1116 invitum

405 1124 483 1171 jura
501 1126 652 1160 civitatis
667 1126 837 1160 amittere.
892 1127 1014 1161 Cicero
1033 1139 1096 1174 pro
1109 1130 1235 1162 Domo.
1254 1139 1368 1163 xxxx.
1381 1128 1532 1162 ——Hoc
1556 1131 1634 1172 juris
1661 1141 1680 1162 a
1702 1130 1861 1170 majoribus

402 1174 559 1217 proditum
578 1171 628 1216 est,
650 1183 685 1206 ut
699 1185 783 1206 nemo
797 1175 871 1207 civis
882 1175 1038 1207 Romanus
1061 1184 1116 1207 aut
1141 1177 1328 1214 libertatem,
1352 1184 1406 1208 aut
1425 1175 1582 1207 civitatem
1597 1173 1682 1218 poffit
1707 1177 1863 1217 amittere,

408 1222 461 1254 nit
478 1220 538 1264 ipse
553 1220 764 1254 AVCTOR
781 1220 887 1262 fastus
902 1219 954 1265 fit.
1094 1219 1189 1254 Idem
1212 1220 1299 1267 juris
1319 1219 1446 1266 publici
1469 1221 1603 1254 axioma
1621 1219 1737 1255 multis
1753 1220 1862 1257 verbis

406 1267 557 1301 inculcat
580 1267 653 1300 Cic.
673 1277 734 1312 pto
750 1268 786 1300 A.
805 1266 937 1302 Coecin.
956 1279 1027 1313 cap.
1045 1281 1100 1313 33.
1126 1267 1299 1314 docetque
1325 1267 1406 1302 ideo
1422 1269 1617 1303 Aretinorum
1643 1267 1862 1315 proscriptio-

408 1326 501 1358 nem,
528 1313 619 1348 Sulla
637 1315 728 1355 vivo,
753 1315 885 1347 irritam
904 1313 1013 1356 fuisse,
1041 1314 1135 1361 quod
1151 1316 1272 1350 Civitas
1289 1315 1384 1349 adimi
1399 1315 1563 1360 nonpoffet.
1618 1315 1780 1364 Qamvis
1797 1317 1861 1351 ita-

408 1373 475 1408 que
491 1361 649 1397 Civitatis
664 1359 796 1407 juribus
815 1372 914 1395 nemo
933 1363 1058 1395 invitus
1072 1363 1276 1408 privaretur,
1302 1371 1451 1397 attamen
1469 1375 1507 1396 ea
1530 1362 1639 1397 statim
1659 1363 1862 1399 amitteban-

408 1420 477 1452 tur,
503 1407 596 1443 simul
621 1420 658 1441 ac
681 1408 757 1455 quis
775 1409 808 1442 in
827 1407 925 1442 aliam
946 1407 977 1443 se
992 1410 1164 1444 civitatem
1186 1409 1307 1444 ascribi
1323 1409 1428 1457 passus
1449 1408 1543 1453 cfl'et,
1570 1421 1676 1456 quum
1695 1424 1736 1446 ex
1752 1414 1859 1446 veteri

408 1456 482 1506 jure
500 1455 641 1490 duarum
658 1457 836 1490 civitatum
851 1457 931 1490 civis
957 1468 1056 1491 nemo
1075 1457 1140 1492 effe
1158 1457 1276 1505 posset.
1331 1456 1435 1492 Unde
1450 1457 1559 1492 noluit
1576 1460 1701 1493 Atticus
1720 1459 1861 1494 Athenis

408 1505 559 1538 civitatis
585 1504 661 1550 jura
679 1502 856 1550 sustspere,
882 1515 924 1537 ne
950 1505 1141 1539 Romanam
1166 1506 1342 1540 civitatem
1367 1506 1552 1540 amitteret.
1606 1505 1711 1549 Qod
1738 1506 1760 1540 fi
1778 1519 1861 1550 ergo

408 1563 603 1599 quenquam
620 1563 637 1585 e
652 1551 790 1585 civitate
806 1551 953 1598 ejectum
968 1551 1093 1586 vellent
1110 1553 1272 1595 Romani,
1293 1565 1368 1587 eum
1387 1566 1455 1587 non
1471 1554 1502 1587 vi
1516 1553 1746 1600 expellebant,
1765 1554 1860 1601 quod

409 1612 452 1634 ex
477 1600 647 1645 principio
670 1597 764 1645 supra
782 1597 883 1633 allato
906 1598 981 1633 fieri
1009 1612 1077 1634 non
1099 1610 1243 1648 poterat,
1269 1599 1322 1634 sed
1345 1600 1394 1634 illi
1415 1613 1545 1643 TECTO,
1573 1614 1671 1645 AQVA
1699 1605 1736 1636 δε
1765 1614 1858 1637 IGNE

410 1644 672 1681 interdicebant.
727 1646 863 1690 Qibus
885 1646 1073 1682 necessariis
1098 1649 1175 1682 vitae
1202 1646 1352 1682 subsidiis
1380 1647 1560 1695 ademptis,
1587 1648 1677 1682 uitro
1702 1648 1857 1684 exsilium

410 1694 541 1739 eligere
559 1692 748 1739 cogebatur
766 1693 955 1729 damnatus.
1009 1695 1127 1739 Qum
1147 1696 1262 1740 itaque
1279 1708 1296 1730 a
1317 1696 1449 1730 nemine
1471 1697 1574 1741 recipi
1603 1695 1722 1742 posset,
1744 1696 1859 1731 neces-

409 1740 496 1777 sario
512 1742 546 1776 in
563 1741 707 1788 aliquam
725 1743 897 1777 civitatem
919 1753 1067 1777 exteram
1088 1741 1119 1776 se
1134 1742 1344 1786 conferebat,
1365 1755 1474 1789 eoque
1497 1742 1632 1777 demum
1652 1743 1754 1786 facto,
1778 1746 1859 1778 civi-

410 1790 583 1836 tatisjura
597 1788 785 1824 amittebat.
840 1791 928 1824 Hinc
943 1789 1057 1824 denuo
1073 1790 1145 1824 Cic.
1161 1803 1223 1838 pto
1236 1793 1362 1825 Domo.
1380 1805 1470 1826 xxx.
1653 1793 1681 1825 ui
1708 1802 1795 1826 erant
1811 1805 1860 1826 re-

410 1849 477 1873 rum
494 1838 675 1882 capitalium
702 1839 890 1872 condemnati
914 1850 970 1872 non
991 1840 1074 1883 prius
1093 1840 1169 1872 banc
1196 1840 1351 1874 civitatem
1374 1840 1570 1881 amittebant,
1596 1851 1688 1884 quam
1715 1849 1801 1873 erant
1827 1842 1859 1873 in

412 1897 481 1919 eam
494 1887 617 1930 recepti,
641 1897 697 1929 quo
713 1887 857 1927 vertendi,
884 1887 934 1919 hoc
950 1886 1001 1932 est,
1026 1888 1164 1919 mutandi
1173 1885 1230 1930 fhli
1246 1887 1337 1932 causa
1356 1896 1508 1921 venerant.
1564 1887 1598 1920 Id
1621 1896 1722 1921 autem
1742 1897 1775 1919 ut
1790 1886 1857 1930 effer

405 1931 589 1976 faciundum
614 1944 669 1966 non
688 1934 857 1967 ademtione
873 1935 1016 1975 civitatis,
1034 1933 1089 1976 sed
1113 1936 1194 1975 teeti,
1220 1933 1256 1968 ὠ
1272 1947 1365 1978 aqua,
1392 1932 1429 1967 ὅγ’
1447 1936 1520 1978 ignis
1538 1935 1741 1968 interdictione
1750 1933 1856 1977 facie-

411 1980 494 2013 bant.
549 1981 640 2023 Ergo
663 1977 685 2011 fi
708 1981 866 2014 accurate
883 1979 977 2025 loqui
995 1980 1074 2014 velis
1092 1993 1158 2015 non
1178 1994 1273 2028 aquae
1292 1985 1329 2016 ὃς
1351 1981 1438 2024 ignIS
1464 1981 1703 2015 interdictione
1728 1982 1858 2015 exime-

411 2025 511 2061 batur
531 2035 634 2074 caput
650 2025 693 2060 de
711 2027 862 2070 civitate,
887 2027 943 2061 sed
967 2027 1195 2074 adscriptione
1215 2030 1249 2062 in
1266 2028 1363 2062 aliam
1382 2029 1552 2062 civitatem
1578 2030 1611 2061 in
1631 2041 1732 2075 quam
1759 2028 1859 2062 Exsul

412 2072 616 2109 discesserat.
654 2075 743 2108 Hinc
755 2077 819 2109 Cic.
837 2076 1007 2109 Oratione
1025 2075 1165 2119 allegata
1184 2086 1282 2120 negat
1301 2075 1332 2110 se
1349 2087 1442 2121 aquas
1462 2079 1496 2110 &
1513 2076 1598 2117 ignis
1614 2075 1858 2110 interdictione

412 2122 561 2156 civitatis
581 2123 655 2168 jura
672 2120 827 2165 amisisse,
853 2125 931 2170 quia
952 2122 1034 2157 nulli
1056 2122 1087 2157 se
1106 2124 1235 2171 populo
1254 2122 1465 2170 adjunxisset,
1491 2122 1545 2157 sed
1563 2122 1751 2157 delituisset
1768 2123 1857 2170 apud

411 2180 550 2204 amlcos.

464 2216 599 2252 Deinde
618 2217 697 2251 huic
715 2229 810 2264 aquae
829 2220 863 2252 δε
880 2218 967 2261 ignis
984 2216 1218 2252 interdictioni
1236 2216 1424 2252 addebatur
1438 2229 1687 2260 DEFORTATlO,
1705 2219 1770 2265 qua
1787 2218 1858 2266 ipsa

413 2275 554 2311 quoque
579 2265 653 2311 jura
682 2266 827 2299 civitatis
854 2264 977 2299 codem
1001 2263 1108 2298 modo
1136 2264 1389 2299 amittebantur.
1443 2266 1566 2299 Auctor
1592 2265 1686 2300 illius
1713 2267 1858 2300 instituti

414 2311 575 2356 Augustus,
603 2314 657 2346 cui
678 2311 718 2346 ab
736 2311 903 2346 exsulibus
919 2312 998 2346 hinc
1017 2312 1101 2346 indc·
1118 2311 1271 2359 dispersis
1298 2311 1484 2357 periculum
1506 2314 1648 2359 imperio
1675 2313 1733 2348 suo
1750 2324 1857 2348 metu-

413 2361 497 2402 enti,
515 2361 610 2396 Livia
627 2358 782 2404 suaserat,
801 2370 838 2394 ut
854 2358 929 2395 illos
944 2360 1051 2407 patria
1071 2370 1226 2395 extorres
1246 2359 1361 2395 insulis
1380 2359 1580 2404 includeret,
1599 2364 1634 2396 δε
1652 2360 1728 2396 hinc
1743 2361 1858 2409 postea

1767 2408 1853 2442 nihil
