2059 2812
437 180 540 230 192
837 157 1101 210 Elementa
1135 155 1283 224 Jurp‘s
1319 157 1490 211 Civilis

493 269 530 303 6.
564 258 752 310 Denique
782 261 816 298 ὅ(
846 258 963 296 Error
982 255 1190 296 consensui
1211 267 1372 296 eatenus
1391 256 1680 312 impedimento
1698 259 1768 308 est,
1797 269 1841 300 ut
1859 256 1886 302 fi

435 324 475 364 in
500 321 726 371 contractu,
755 320 819 361 vel
846 319 888 359 in
918 333 977 368 re,
1007 319 1075 359 seu
1105 331 1292 372 corpore,
1321 319 1451 373 ejusve
1477 321 1658 372 materia,
1689 322 1887 372 universa,

437 385 501 426 vel
521 385 687 424 maxima
706 383 791 438 ejus
815 395 944 436 parte,
972 381 1036 422 vel
1056 382 1098 420 in
1126 380 1299 434 persona
1328 392 1505 421 erratum
1529 382 1590 432 fit,
1619 397 1680 424 res
1706 385 1885 438 inempta

432 453 469 489 ὃ(
491 447 733 487 Commotus
756 446 887 486 nullus
922 445 993 497 fit;
1031 459 1129 493 non,
1156 443 1185 485 fi
1211 458 1332 484 error
1362 445 1468 486 circa
1499 446 1702 487 minimam
1728 459 1884 502 partem

433 510 630 559 materiae,
660 510 724 549 vel
743 523 889 550 nomen
909 508 1136 563 proprium,
1165 509 1230 548 vel
1248 507 1481 561 qualitatem
1501 509 1574 558 rei,
1604 511 1668 550 vel
1688 512 1795 552 circa
1825 527 1887 553 ac-

433 572 618 615 cessiones
646 572 887 620 commissus,
916 571 985 611 ubi
1011 581 1166 613 tantum
1187 572 1308 613 Actio
1329 572 1460 626 quanti
1485 572 1636 613 minoris
1660 573 1794 615 locum
1814 575 1885 615 ha-

430 635 559 676 bebit.

488 714 523 743 7.
557 697 758 739 Accedere
793 708 960 751 oportet
991 711 1137 745 REM,
1173 696 1223 737 de
1259 711 1334 750 qua
1371 696 1566 738 tradenda
1603 700 1880 741 contrahatur.

429 762 579 818 Qales
601 777 662 803 res
681 763 770 802 sunt
789 775 941 812 omnes,
970 777 1056 815 quae
1076 760 1166 800 sunt
1186 762 1228 800 in
1255 762 1515 811 commercio,
1544 762 1668 802 etiam
1686 762 1786 816 spes,
1813 778 1882 804 ve-

427 827 506 866 luti
523 828 647 881 jactus
668 828 764 868 retis
778 839 940 880 3-res
972 826 1302 877 futurae3--res
1337 826 1625 880 incorporales,
1654 837 1698 866 ut
1717 826 1884 868 haeredi-

428 899 486 929 tas
505 895 539 932 ὅ(
557 891 751 931 Actiones
767 891 954 942 3-„11110
974 896 1009 932 ὅι
1031 903 1090 929 res
1116 888 1267 930 alienae.

488 957 522 994 8.
555 956 650 995 Non
673 966 770 993 vero
790 954 939 993 vaenire
959 953 1122 1005 poffunt
1147 964 1209 990 res
1235 951 1656 1000 exstindtae‚——liberi
1686 950 1882 1003 homines,

428 1029 488 1057 res
508 1016 637 1057 divini
660 1016 1206 1070 juris‚—-publicae‚—merces
1225 1015 1435 1070 pestiferae,
1465 1020 1499 1056 ὅ(
1523 1015 1775 1064 noxiae‚-res
1796 1014 1882 1055 fur-

425 1081 535 1129 uvae,
562 1086 596 1121 ὅ(
613 1079 815 1132 litigiosae.

479 1157 516 1189 9.
548 1142 736 1194 Denique
753 1148 787 1183 ἃ
816 1140 1034 1182 consentiri
1064 1139 1347 1182 contrahentes
1376 1140 1526 1182 debent
1560 1142 1603 1181 in
1627 1142 1735 1183 idem
1764 1155 1877 1183 PRE-

425 1218 455 1244 T
471 1219 485 1244 1
499 1220 526 1245 V
540 1219 586 1244 M.
647 1205 827 1243 Pretium
846 1214 979 1244 autem
1000 1205 1039 1244 in
1061 1203 1234 1258 pecunia
1251 1205 1455 1245 numerata
1476 1203 1662 1246 confistit.
1721 1207 1780 1246 Ex
1795 1218 1877 1258 quo

422 1267 617 1317 inferunt,
639 1267 664 1307 fi
685 1268 762 1308 alia
782 1282 843 1308 res
864 1282 940 1322 pro
964 1282 1009 1310 re
1030 1268 1164 1318 detur,
1191 1283 1273 1310 non
1292 1269 1369 1310 effe
1388 1269 1600 1323 emptionem
1621 1270 1879 1323 venditionem,

424 1332 492 1373 sed
511 1333 837 1387 permutationem.

425 1441 464 1478 ὠ*
482 1445 579 1477 Gent.
601 1446 645 1479 V.
678 1457 707 1490 3.
727 1443 905 1488 4.——-Sic
933 1456 977 1478 ne
1006 1445 1041 1478 in
1072 1442 1328 1478 venditionibus
1357 1443 1606 1491 mancipiorum
1635 1442 1876 1491 deciperentur

425 1501 610 1537 emptores,
634 1490 837 1536 jubebantur
855 1490 913 1524 issa
939 1493 1084 1534 interea,
1109 1491 1191 1525 dum
1221 1493 1426 1536 praeconium
1444 1490 1562 1533 fiebat,
1592 1492 1626 1524 in
1651 1491 1769 1525 orbem
1798 1502 1875 1525 cur-

424 1549 512 1578 rere,
537 1537 668 1580 saltare,
697 1539 761 1571 ieie
779 1537 964 1579 denudate,
990 1547 1027 1571 ut
1046 1537 1221 1571 sanitatem
1239 1536 1327 1571 suam
1346 1536 1525 1584 probarent
1546 1536 1778 1584 spectantibus
1830 1537 1872 1573 Id

423 1583 481 1617 ubi
500 1583 612 1624 fiebat,
641 1585 806 1630 mancipia
826 1583 1021 1617 dicebantur
1047 1595 1221 1619 raoovcr.

424 1632 564 1665 Terent.
584 1631 739 1665 Eunuch.
755 1634 780 1665 1.
798 1644 830 1665 2.
853 1643 880 1664 v.
903 1643 946 1676 54

758 1680 788 1713 Is
813 1679 860 1713 ubi
885 1679 962 1712 hanc
979 1677 1083 1722 forma
1109 1679 1190 1713 videt
1216 1677 1329 1723 honesti
1355 1680 1518 1724 Virginem,

761 1727 807 1760 Et
822 1726 932 1770 fidibus
948 1725 1041 1769 scire,
1062 1727 1195 1770 pretium
1212 1726 1349 1770 sperans,
1371 1728 1448 1762 illico

767 1773 1049 1815 PRODVCIT,
1078 1773 1292 1808 VENDIT.

423 1821 466 1854 Et
485 1821 656 1855 Heauton.
673 1819 748 1854 Ast.
767 1821 795 1854 Ι.
815 1820 909 1854 Scen.
929 1822 955 1853 Ι.
978 1832 1007 1853 v.
1026 1832 1082 1861 90.

754 1868 906 1910 Ancillas,
931 1872 1047 1909 Servos,
1073 1866 1124 1909 nisi
1150 1879 1196 1902 eos
1220 1869 1270 1912 qui
1296 1878 1380 1913 opere
1404 1868 1508 1915 rustico

755 1916 900 1948 Faciundo
919 1915 1018 1958 facile
1038 1915 1192 1959 sumptum
1217 1926 1388 1950 exercerent
1406 1916 1508 1960 suum,

757 1964 872 1996 Omnes
899 1962 1139 1997 PRODVXI
1161 1975 1197 1996 ac
1222 1963 1472 1998 VENDIDI.

420 2006 479 2042 Ob
497 2007 581 2043 hanc
599 2005 742 2050 causam,
768 2009 826 2054 qui
846 2010 1009 2056 mancipia
1027 2008 1262 2051 vendiderunt,
1284 2011 1366 2044 vitia
1382 2021 1449 2045 tam
1463 2012 1626 2057 corporis,
1645 2021 1745 2057 quam
1759 2012 1864 2047 animi

421 2053 480 2090 fibi
499 2057 637 2102 cognita
651 2057 805 2102 excipere
825 2054 986 2092 solebant.
1040 2058 1132 2091 Hinc
1147 2059 1270 2091 Horat.
1290 2056 1366 2092 Lib.
1384 2070 1416 2092 2.
1436 2058 1504 2092 Sat.
1523 2071 1555 2105 3.

1262 2106 1363 2140 Sanus
1390 2105 1519 2151 utrisque

755 2151 891 2185 Auribus
915 2161 1009 2197 atque
1035 2154 1150 2193 oculis5
1176 2152 1392 2186 MENTEM
1417 2153 1469 2199 m'fi
1494 2151 1657 2198 Litigiofioe

756 2199 1016 2235 EXCIPERET
1039 2201 1204 2241 Dominus,
1228 2211 1293 2234 cum
1319 2200 1467 2234 venderet.

469 2260 555 2294 Non
580 2257 645 2294 esse
671 2262 880 2307 emptionem
908 2258 1155 2303 venditionem,
1182 2261 1236 2296 sed
1264 2261 1589 2309 permutationem]
1627 2261 1863 2308 Antiquiffima

422 2308 511 2342 ratio
539 2307 771 2342 commutandi
800 2307 935 2341 inutilia
958 2319 1035 2341 cum
1054 2308 1194 2342 utilibus
1211 2313 1247 2344 &
1265 2309 1483 2356 comparandi
1504 2323 1555 2344 res
1576 2309 1770 2344 necessarias
1786 2310 1862 2343 Per-

421 2356 548 2395 mutatio
575 2353 666 2390 fuit:
704 2367 777 2403 qux
796 2367 872 2391 cum
897 2353 966 2390 duo
992 2354 1062 2391 haec
1090 2355 1304 2394 incommoda
1329 2355 1493 2401 haberet5
1529 2369 1645 2403 unum,
1671 2355 1763 2438 (1υοίᾴ
1794 2367 1861 2390 non

1745 2413 1863 2450 emper
