2059 2812
648 135 763 188 Lib.
792 133 883 186 JV.
958 133 1054 187 Tit.
1086 134 1173 188 VJ.
1520 120 1632 202 *245

194 239 237 280 id
255 239 310 279 est
328 236 459 277 dicere
489 247 576 275 eam
595 246 677 275 rem
696 233 886 275 traditam
906 246 990 273 non
1018 233 1109 282 effe,
1137 239 1171 274 3<
1190 232 1242 273 ob
1263 232 1304 272 id
1323 232 1364 272 in
1383 231 1499 272 bonis
1520 233 1631 274 debi-

194 302 296 344 toris
314 297 496 342 manfiffe.
554 300 654 340 Haec
670 295 815 351 species
838 295 1019 338 Aetionis
1036 296 1217 336 Pauliana
1236 294 1400 338 dicitur.

252 378 312 412 14.
344 366 447 402 Item
468 361 660 411 Serviane»,
688 365 722 401 ὃ(
743 359 854 416 Qafi
881 357 1072 406 Serviana,
1103 361 1204 411 (quae
1235 357 1354 397 etiam
1385 357 1634 413 hypothecaria

194 428 388 479 vocatur)
420 438 466 464 ex
502 424 612 478 ipfius
645 423 835 463 Praetoris
871 420 1151 476 jurisdidfione
1177 421 1430 462 substantiam
1457 423 1634 476 capiunt.

197 490 532 530 serviam-autem
561 487 764 541 experitur
793 487 879 539 quis
907 485 957 524 de
989 485 1104 524 rebus
1136 484 1296 535 coloni,
1335 497 1424 536 quae
1455 487 1638 541 pignoris

193 554 279 606 jure
308 566 385 606 pro
407 550 654 592 mercedibus
676 549 790 590 fundi
815 549 853 589 ei
880 546 1293 604 tenentu1·.-—Qafi
1308 548 1488 588 Serviana
1502 559 1634 591 autem

194 617 263 665 est,
291 629 371 668 qua
389 615 623 655 Creditores
644 614 828 668 pignora,
858 609 1149 664 hypothecasve
1168 609 1471 664 persequuntur.

251 692 314 725 15.
344 682 392 717 In
420 677 627 730 personam
663 690 824 730 quoque
851 675 1027 715 actiones
1055 687 1103 713 ex
1136 673 1202 713 sua
1233 672 1512 726 jurisdictione
1539 688 1636 729 pro-

195 740 336 794 positas
364 740 484 780 habet
512 744 692 789 Praetor,
735 737 860 780 veluti
887 737 930 776 de
963 736 1118 790 pecunia
1145 735 1369 788 constituta:
1410 737 1476 777 cui
1502 736 1636 779 similis

195 805 407 845 videbatur
433 803 635 857 receptitia.
693 803 758 841 De
777 801 989 842 constituta
1008 809 1137 840 autem
1157 798 1324 852 pecunia
1342 813 1432 839 cum
1452 801 1636 843 omnibus

194 869 343 920 agitur,
371 867 595 919 quicunque
611 864 676 906 vel
702 878 777 918 pro
798 864 849 912 se,
880 863 943 904 vel
964 876 1037 916 pro
1058 862 1138 902 alio
1157 861 1359 902 soluturos
1380 861 1419 902 se
1447 862 1637 916 constitue-

194 928 286 976 rint,
314 927 425 967 nulla
453 927 604 968 scilicet
628 926 895 978 stipulatione
925 923 1171 977 interposite.
1227 923 1325 964 Ideo
1354 926 1550 966 Praetoria
1581 927 1636 967 est

195 993 334 1040 Aetio,
364 991 457 1044 quia
475 992 560 1045 jure
580 989 690 1031 civili
709 1004 757 1029 ex
774 989 883 1030 nudo
900 990 1018 1042 pacto
1038 1001 1122 1027 non
1145 987 1264 1026 datur
1280 987 1415 1028 Aetio.

251 1061 315 1095 16.
346 1053 535 1093 Aetiones
564 1051 604 1091 de
637 1051 784 1090 Peculio
818 1050 911 1090 ideo
943 1049 1126 1091 adversus
1160 1058 1326 1102 patrem,
1363 1051 1636 1093 Dominumve

195 1116 442 1170 comparavit
457 1118 612 1155 Praetor
628 1135 640 1167 ;
670 1114 764 1167 quia
778 1113 874 1154 licet
890 1128 937 1154 ex
951 1113 1158 1153 commem
1173 1112 1360 1161 filiorum,
1378 1112 1636 1156 servorumve

195 1179 284 1232 ipso
302 1179 388 1232 jure
405 1191 485 1218 non
505 1188 732 1226 teneantur,
760 1191 912 1229 aequum
931 1187 1060 1216 tamen
1076 1177 1144 1225 est,
1174 1177 1331 1228 peculio
1354 1186 1480 1226 tenuS‚
1511 1179 1638 1232 (quod

196 1242 324 1283 veluti
354 1241 643 1295 patrimonium
673 1243 727 1282 est
752 1240 941 1290 filiorum,
969 1232 1370 1294 filiarumquejitem
1400 1239 1633 1295 servorum)

196 1307 453 1348 condemnari
481 1319 562 1346 eos,

253 1387 313 1417 17.
345 1369 600 1424 Jurisjurandi
621 1369 842 1412 voluntarii
860 1369 981 1411 delati
1002 1370 1101 1411 olim
1120 1370 1207 1425 jure
1225 1370 1378 1420 thieto,
1406 1384 1490 1410 non
1508 1372 1637 1426 major

196 1434 356 1475 effeetus
386 1442 485 1480 erat,
513 1444 630 1484 quam
650 1433 757 1486 padri
776 1431 888 1472 nudi.
946 1432 1021 1472 Sed
1040 1433 1077 1472 ei
1098 1433 1230 1486 postea
1249 1430 1448 1472 adfistebat
1464 1436 1635 1487 Praetor²

198 1496 474 1548 actionemque
499 1495 538 1534 in
549 1494 687 1548 fastum
707 1508 753 1533 ex
764 1494 1009 1548 jurejurando
1026 1495 1144 1536 dabat
1163 1495 1215 1543 ei,
1245 1495 1312 1548 qui
1332 1508 1402 1534 reo
1427 1494 1634 1536 deferente

245 1604 427 1649 Serviana]
468 1604 564 1638 Aetio
580 1603 734 1638 Serviana
756 1605 821 1637 Ser.
837 1603 964 1646 Sulpitio
983 1601 1097 1646 infigni
1118 1601 1168 1636 illi
1185 1601 1421 1648 Jurcconsulto
1437 1601 1554 1637 deberi
1585 1603 1634 1637 vi-

197 1651 307 1694 detur,
332 1650 374 1686 de
393 1651 486 1697 cujus
504 1651 627 1697 quippe
643 1660 783 1695 praetura
801 1650 937 1683 testatur
955 1650 1028 1684 Cic.
1050 1662 1110 1695 pro
1124 1652 1286 1684 Muraena.
1303 1652 1380 1684 XX.

245 1717 309 1752 Cui
338 1716 451 1752 fimilis
469 1714 645 1751 videbatur
668 1714 880 1761 receptitia]
920 1714 1053 1749 A&ioni
1082 1713 1125 1747 de
1153 1716 1294 1759 pecunia
1320 1714 1498 1748 constituta
1518 1712 1633 1749 similis

198 1765 266 1800 fuit
284 1775 377 1799 vetus
396 1766 483 1798 Aelio
499 1765 667 1807 receptitia,
694 1761 736 1796 fic
750 1761 841 1796 dicta
859 1774 876 1795 a
891 1761 992 1795 verbo
1017 1772 1203 1801 RECIPERE,
1232 1760 1325 1807 quod
1343 1763 1429 1795 inter
1449 1761 1513 1795 alia
1533 1760 1634 1805 figni-

199 1812 279 1846 ficat
301 1813 334 1845 in
356 1810 387 1845 se
407 1809 536 1857 aliquid
560 1809 722 1855 suscipere
741 1808 774 1842 δι
802 1809 966 1855 polliceri.
1019 1810 1113 1842 Nam
1131 1807 1241 1853 paffirn
1272 1808 1358 1854 apud
1387 1808 1543 1842 Clafficos
1569 1811 1635 1843 Au-

199 1860 306 1892 &ores
324 1859 470 1892 invenies
485 1860 611 1902 recipere
629 1859 660 1890 in
670 1856 716 1900 se,
741 1857 836 1901 adse,
862 1859 898 1890 &
915 1853 1110 1902 simpliciter
1126 1857 1255 1899 recipere
1272 1855 1402 1890 dictum
1423 1868 1482 1901 pro
1502 1855 1634 1900 aliquid

198 1904 368 1940 facturum
387 1906 608 1951 promittere5
650 1906 684 1937 &
707 1902 839 1937 videtur
857 1903 1014 1948 majorem
1030 1903 1133 1936 ctiam
1150 1903 1218 1935 vim
1239 1902 1302 1936 hoc
1318 1901 1455 1936 verbum
1476 1900 1635 1945 habuiffe,

200 1964 300 1998 quam
327 1954 512 1997 promittere.
565 1951 638 1983 CiC.
657 1950 777 1983 Licinio
793 1950 901 1993 Crasfi2.
924 1950 1014 1982 Fam.
1036 1952 1078 1984 V.
1110 1949 1345 1984 8.-—-Velim
1366 1950 1548 1990 existimes,
1582 1962 1634 1984 me

199 2011 250 2042 ea,
277 2011 351 2047 quae
367 1998 430 2032 tibi
453 1998 619 2043 promitto
640 2009 677 2031 ac
699 2009 867 2040 Recn’io,
895 1995 1088 2030 sanffiffime
1104 1995 1168 2030 csse
1195 1995 1635 2031 observaturum—Hm

200 2055 311 2080 autem
331 2046 503 2092 receptitia
526 2045 622 2078 AC’tio
647 2053 776 2077 tantum
803 2043 844 2077 ad
863 2045 1040 2090 trapezitas
1059 2041 1122 2076 five
1141 2042 1320 2078 mensarios
1345 2053 1402 2078 aut
1428 2044 1634 2086 argentarios

201 2091 403 2139 pertinebat,
425 2091 512 2140 apud
536 2102 632 2137 quos,
659 2100 696 2124 ut
713 2100 784 2123 tum
803 2091 904 2124 moris
921 2100 1001 2132 erar,
1027 2092 1175 2137 pecuniae
1191 2090 1224 2125 &
1242 2102 1291 2124 res
1306 2091 1431 2124 civium
1459 2091 1635 2124 Romano-

201 2151 273 2174 rum
306 2139 570 2185 deponebantur.
621 2139 741 2182 Itaque
775 2135 798 2170 s1
828 2136 1006 2171 meusarius
1034 2138 1118 2172 citra
1147 2137 1394 2180 stipulationem
1423 2136 1570 2181 recepiffet
1602 2137 1634 2171 se

201 2196 294 2220 certo
312 2184 367 2220 die
384 2186 579 2228 soluturum,
605 2184 698 2230 quod
727 2185 780 2218 hic
807 2184 855 2219 vel
874 2183 927 2218 ille
946 2183 1034 2231 apud
1052 2184 1082 2217 se
1109 2183 1324 2231 deposuiffet,
1351 2184 1415 2218 hoc
1433 2185 1634 2218 conventio-

201 2234 251 2266 nis
267 2245 368 2277 genus
391 2246 578 2268 RecfirTvM
598 2231 774 2266 dicebatur
793 2247 803 2274 ς
833 2235 870 2268 &
890 2233 977 2267 aetio
996 2243 1066 2278 quae
1084 2244 1125 2267 ex
1145 2243 1182 2266 ea
1204 2244 1240 2266 re
1257 2231 1483 2278 competebat,
1510 2233 1635 2275 recepti-

201 2282 258 2325 u’a,
284 2278 346 2315 five
358 2285 484 2326 pecunia
502 2289 633 2325 receptae.

1360 2361 1632 2404 voluntarium
