2059 2812
429 160 528 209 174
589 195 593 199 ,
814 139 1079 190 Elementa
1108 136 1255 204 Juris
1289 137 1459 191 Civilis

477 258 514 288 7.
545 242 880 282 COMMODATVM
898 236 954 275 est
965 237 1219 286 Contractus,
1239 251 1322 290 quo
1335 251 1494 278 resnon
1511 235 1720 293 fungibilis
1738 235 1860 290 gratis

422 305 572 346 utenda
592 305 649 343 ita
668 300 862 349 traditur,
889 309 949 348 ut,
976 299 1095 339 finito
1112 313 1163 340 eo
1182 300 1268 348 usu,
1295 299 1432 340 eadem
1450 301 1594 355 species
1614 300 1859 340 restituatur.

477 375 512 410 8.
544 371 604 407 Ex
621 379 703 418 quo
716 364 896 417 sequitur
918 378 952 404 1.
966 374 1011 403 ut
1022 363 1335 407 Commodatum
1355 363 1395 404 in
1414 376 1568 405 certum
1587 379 1631 406 ac
1650 364 1861 404 definitum

421 431 528 472 usum
560 431 695 478 detur,
724 428 819 468 alias
848 427 956 467 enim
984 428 1080 467 effet
1107 440 1376 468 PRECARn'M.
1435 443 1472 469 2.
1501 432 1565 468 Ut
1590 427 1618 467 fi
1637 427 1861 467 mercedem

419 494 489 534 fibi
509 494 593 548 quis
614 491 826 545 stipuletur
843 491 1124 543 pecuniariam,
1153 489 1462 531 Commodatum
1488 490 1660 531 transeat
1688 491 1728 530 in
1749 491 1863 528 Loca-

420 558 552 596 tz'onem
584 554 874 601 Condufflonem5
913 553 966 592 fin
998 553 1114 593 aliam
1143 567 1239 603 rem,
1268 555 1310 593 in
1338 555 1615 601 ContraCtum,
1647 556 1702 594 Do
1725 563 1767 592 ut
1785 552 1860 592 des.

426 636 461 669 3.
491 625 554 662 Ut
574 617 844 660 Commodum
858 631 905 657 ex
920 617 998 657 hoc
1014 618 1223 658 contra&u
1238 617 1282 657 fit
1301 631 1421 670 penes
1439 617 1566 657 solum
1581 616 1865 657 Commodata-

421 685 554 734 rium3
593 679 895 721 Incommodum
924 692 1044 732 penes
1071 681 1407 724 commodantem.
1461 694 1501 729 4.
1533 684 1596 720 Ut
1627 693 1724 729 non,
1750 679 1864 720 ficuti

421 746 462 784 in
482 755 641 792 mutu0‚
669 740 929 781 transferatur
944 742 1196 784 Dominium.

478 823 516 856 9,
545 805 657 862 Qia
674 817 774 858 ergo
787 803 1099 845 Commodatum
1117 805 1166 845 ad
1186 816 1340 846 certum
1357 806 1467 845 usum
1483 805 1602 844 datur
1618 823 1626 844 :
1657 803 1757 844 illud
1775 813 1865 844 ante

419 869 578 910 finitum
595 867 706 908 usum
726 867 934 907 ordinarie
953 869 1136 908 revocari
1152 871 1305 923 nequit,
1332 883 1405 908 nec
1425 869 1762 909 commod-itarius
1781 879 1864 907 rem

420 933 715 974 commodatam
745 932 834 972 aliis
856 930 979 971 usibus
997 931 1188 972 adhibere
1216 933 1350 981 debet,
1377 933 1470 986 quia
1489 933 1584 973 alias
1601 933 1746 988 sarcum
1779 932 1865 985 usus

420 998 702 1038 committeret.

478 1075 540 1100 ιο.
570 1063 787 1115 Qumque
825 1058 980 1098 mercede
1013 1058 1305 1099 interveniente
1339 1058 1636 1099 commodatum
1674 1058 1713 1097 in
1747 1056 1865 1097 alium

421 1123 672 1162 contractum
700 1119 890 1169 transeat,
927 1121 1171 1173 consequens
1198 1122 1266 1169 cst,
1306 1132 1352 1161 ut
1378 1121 1404 1161 fi
1432 1122 1658 1161 honorarium
1693 1121 1867 1160 interve-

423 1183 507 1222 niat
528 1180 772 1225 commodati
801 1192 942 1220 natura
967 1195 1050 1220 non
1079 1191 1272 1222 mutetur.
1331 1183 1579 1222 Honorarium
1599 1194 1698 1221 vero
1720 1195 1741 1220 a
1765 1194 1870 1221 mer-

422 1245 519 1285 cede
538 1246 691 1293 differt,
719 1242 831 1296 quod
848 1243 918 1284 haec
937 1244 1207 1285 conventione
1230 1244 1457 1294 definiatur,
1486 1245 1580 1286 illud
1596 1245 1707 1285 ultro
1726 1246 1868 1286 offera-

422 1318 520 1360 tur3
541 1334 577 1337 —›
611 1306 723 1360 quod
738 1307 961 1348 mercedem
985 1306 1200 1347 admittant
1223 1321 1357 1361 operae
1372 1318 1528 1348 tantum
1542 1307 1737 1348 illiberales
1753 1329 1764 1359 3
1795 1308 1870 1349 ho·

424 1366 629 1411 notarium
649 1367 832 1417 liberales,
860 1373 895 1410 ὅ(
919 1382 1008 1423 quae
1028 1368 1329 1410 aestimationem
1352 1369 1460 1410 haud
1488 1370 1699 1423 recipiunt.

480 1446 495 1469 1
511 1445 544 1469 1.
577 1430 618 1469 Si
639 1442 700 1468 res
719 1429 972 1470 commodata
993 1430 1080 1470 casu
1098 1429 1276 1470 fortuito
1295 1437 1330 1472 ὃ(
1348 1431 1569 1485 improviso
1590 1433 1689 1473 citra
1708 1447 1868 1474 omnem

423 1492 731 1535 commodatarii
750 1491 909 1545 culpam
928 1493 1110 1545 perierit,
1138 1495 1219 1547 ejus
1239 1494 1447 1534 aestimatio
1466 1507 1546 1534 non
1568 1495 1647 1534 erit
1667 1495 1870 1547 solvenda,

423 1555 490 1593 ubi
511 1552 648 1593 eadem
662 1553 766 1605 apud
779 1554 1001 1594 Dominum
1017 1568 1179 1607 quoque
1201 1555 1380 1608 peritura
1399 1555 1547 1597 fuerat.
1587 1557 1695 1598 Alias
1713 1571 1869 1611 aequum

423 1616 585 1657 videtur
600 1615 959 1657 commodatarium
974 1618 1275 1658 aestimationem
1291 1618 1351 1658 rei
1371 1619 1568 1671 praestare,
1586 1621 1735 1674 quippe
1754 1634 1869 1674 quam

424 1680 624 1720 Dominus
656 1679 863 1719 amissurus
893 1694 977 1720 non
1007 1680 1155 1730 fuerat,
1189 1680 1233 1719 ni
1261 1680 1442 1722 adversus
1475 1681 1645 1723 alterum
1677 1683 1869 1738 benignus

424 1741 574 1784 fuitset.
636 1743 732 1785 Vice
755 1743 883 1794 versa,
909 1743 937 1783 fi
958 1743 1058 1797 quid
1076 1744 1239 1784 utilium
1258 1755 1327 1785 aut
1349 1745 1657 1786 neceffariarum
1677 1747 1871 1801 impensa-

424 1818 513 1844 rum
533 1806 573 1844 in
602 1818 688 1845 rem
708 1806 1001 1848 commodatam
1027 1806 1176 1847 factum
1201 1806 1247 1847 fit
1279 1816 1391 1847 extra
1416 1821 1493 1856 eas,
1524 1821 1613 1860 quae
1638 1809 1734 1849 alias
1760 1810 1869 1852 usum

425 1869 485 1908 rei
501 1869 741 1924 regulariter
758 1870 1017 1919 comitantur,
1047 1870 1089 1910 id
1107 1885 1129 1910 a
1148 1871 1332 1911 Domino
1352 1869 1645 1912 refundendum
1666 1874 1759 1914 erit.

484 1944 544 1971 12.
575 1932 636 1970 Ex
650 1929 728 1971 hoc
748 1934 961 1973 contractu
978 1932 1064 1972 duae
1093 1933 1308 1974 nascuntur
1323 1933 1513 1974 Actiones
1531 1935 1757 1975 contractui
1776 1950 1872 1991 cog-

426 1993 606 2032 nomines
623 2012 635 2044 3
666 2007 809 2046 nempe
826 1994 1020 2035 Aetiones
1039 1993 1299 2036 Commodati
1321 1993 1468 2034 Direila
1486 2002 1520 2036 ὅ(
1540 1996 1742 2037 Contraria.
1799 1999 1870 2038 Di-

425 2055 520 2096 reHa
538 2056 655 2096 datur
673 2056 961 2098 Commodanti
988 2058 1172 2099 adversus
1190 2058 1581 2107 Commodatariunb
1609 2060 1767 2113 ejusque
1790 2061 1870 2103 hae-

427 2165 575 2206 Δκμοδένεσ
592 2164 625 2197 τί
641 2165 868 2207 «ὼϋέὸιιῆματω
883 2166 1012 2211 δγκχμιῖν
1030 2166 1063 2199 1233
1077 2168 1157 2209 μωός
1176 2166 1218 2201 -ἡῖς
1233 2165 1313 2206 μναῖς,
1338 2166 1386 2198 ’ἕως
1403 2165 1431 2198 π)
1447 2167 1585 2206 κεφάλαιον
1604 2167 1744 2202 ἀπέἐὸπιν.

428 2214 522 2247 Oritae
543 2214 636 2257 igitur
653 2215 707 2247 has
727 2214 758 2247 in
775 2213 920 2259 angustias
939 2215 1064 2256 retiam,
1089 2226 1154 2248 cum
1172 2214 1250 2247 nulla
1274 2215 1311 2248 iis
1326 2213 1495 2259 suppeteret
1509 2217 1652 2260 pecunia,
1677 2218 1788 2250 talenti
1804 2218 1864 2251 Ioco

428 2271 558 2294 nummos
580 2261 607 2293 ei
624 2262 756 2303 publicos
780 2263 811 2295 in
836 2263 942 2306 pignus
966 2262 1091 2303 dabant,
1113 2259 1287 2306 &hujusce
1303 2262 1458 2304 mercedis,
1484 2275 1575 2307 quam
1594 2261 1710 2308 nefari&
1728 2264 1865 2298 lucratus

427 2307 476 2352 est,
501 2307 619 2352 usuram
633 2307 818 2354 Demqllheni
829 2309 1013 2354 pendebant,
1037 2308 1127 2344 donec
1144 2310 1235 2343 totius
1242 2307 1392 2354 fiunmam
1405 2312 1535 2354 pecunia
1547 2311 1760 2357 perfhlyerint.

1752 2359 1867 2402 redes
