2059 2812
581 133 694 187 Lib.
733 135 823 188 III.
897 135 994 189 Tit.
1033 138 1227 192 XXIV.
1524 160 1621 211 195

191 231 349 273 demum
379 231 442 272 illi
460 231 674 283 addicitur,
702 234 772 288 qui
791 249 837 276 ex
855 235 1037 289 pluribus
1054 236 1298 279 licitantibus
1316 239 1530 293 plurimum
1548 243 1620 282 ob-

191 294 341 335 tulerit.
398 295 465 334 Est
483 295 653 349 denique
673 304 707 339 &
734 311 853 351 genus
871 299 1098 351 emptionis,
1125 316 1204 354 quo
1224 316 1304 343 non
1324 313 1431 343 certa
1449 316 1524 352 res,
1552 304 1618 345 sed

187 357 407 408 probabilis
422 367 578 399 tantum
597 359 682 411 spes
701 360 864 408 emitur,
892 361 955 400 cui
974 360 1068 401 aleae
1096 364 1191 415 quid
1213 366 1268 404 est
1293 366 1509 406 admixtum
1527 388 1539 418 ς
1570 366 1618 407 fic

187 428 233 457 ut
247 433 374 472 neque
394 431 565 474 emptor,
584 422 609 461 fi
626 422 710 475 spes
730 421 937 473 fefellerit,
964 435 1095 476 neque
1115 426 1318 476 venditor,
1346 427 1371 468 si
1386 443 1432 468 ea
1449 429 1619 469 multum

184 480 299 533 supra
313 483 451 533 fuerit,
477 485 591 537 queri
609 484 763 525 debeat.

246 559 308 593 14.
338 550 475 602 Qum
495 558 659 600 uterque
679 562 726 588 ex
752 548 831 589 hoc
851 550 1059 590 contractu
1087 552 1256 604 ὢπλεῦρω,
1288 559 1323 594 ἃ
1341 553 1549 592 nominato
1567 553 1616 593 ab

185 604 306 646 initio
327 609 455 648 statim
488 609 708 663 obligetur,
743 610 830 650 duae
862 611 955 652 inde
982 612 1194 653 nascuntur
1225 614 1398 655 afflones
1418 613 1553 654 direelae
1581 620 1617 655 ὅ(

183 672 410 711 contractui
429 673 679 726 cognomines
695 674 822 726 Empti
841 680 875 716 ὅ(
900 675 1059 715 Venditi.

242 745 305 777 15.
338 731 487 770 Anione
506 733 635 786 Empti
653 734 859 785 experitur
877 746 1051 788 emptor,
1080 737 1147 788 qui
1167 736 1244 789 jam
1272 751 1318 776 ex
1338 737 1405 776 sua
1425 746 1538 791 parte
1559 736 1614 775 sa-

181 790 331 832 tisfecit
349 793 573 833 contradhii
599 792 782 835 adversus
810 796 1073 849 venditorem,
1099 801 1231 854 ejusve
1248 801 1446 841 haeredem
1464 800 1514 839 ad
1531 812 1614 838 rem

181 851 381 891 venditam
398 852 629 893 tradendam
644 868 732 895 cum
751 854 963 906 fructibus,
990 860 1278 909 acceffionibus‚
1306 867 1341 902 ὅ(
1357 861 1467 900 omni
1487 859 1614 908 causa,

178 915 549 972 resarciendumque
572 919 757 959 damnum
775 921 912 961 saltem
931 923 1009 964 levi
1030 926 1250 966 venditoris
1273 926 1387 978 culpa
1405 925 1556 964 datum.

236 989 298 1023 16.
329 983 433 1022 Aelio
455 984 603 1024 Venditi
621 984 740 1024 datur
758 986 976 1035 venditori,
1004 989 1073 1040 qui
1106 1001 1189 1027 rem
1219 988 1401 1036 tradidit,
1428 988 1612 1028 adversus

178 1052 399 1096 emptorem
419 1044 550 1098 ejusve
578 1045 753 1086 haeredes
786 1046 835 1086 ad
869 1046 1099 1089 solvendum
1126 1049 1302 1102 pretium
1324 1062 1414 1090 cum
1442 1049 1565 1088 usuris
1590 1061 1611 1088 a

177 1115 358 1160 tempore
380 1122 517 1157 morae,
547 1123 591 1149 ac
606 1109 792 1151 damnum
816 1110 897 1152 levi
915 1111 1032 1153 etiam
1051 1114 1164 1168 culpa
1184 1114 1320 1155 datum
1341 1129 1388 1155 ex
1405 1127 1519 1167 aequo
1537 1113 1611 1151 bo„

175 1180 309 1221 noque
328 1169 635 1212 resarciendum.

687 1282 732 1330 T
771 1296 791 1330 1
828 1296 874 1330 T.
943 1281 1111 1331 XXV.

453 1376 531 1427 De
567 1376 838 1429 Locatione
872 1378 945 1441 &
982 1378 1319 1431 Conduc't‘ione.

233 1487 267 1513 1.
297 1473 413 1515 Alter
429 1474 682 1524 Contradlus,
711 1475 777 1527 qui
798 1476 987 1517 consensu
1015 1477 1143 1516 initur
1162 1479 1216 1517 est
1244 1478 1393 1516 Locatz'o
1409 1477 1606 1527 Conduflio,

171 1547 257 1587 quae
284 1536 338 1575 est
369 1535 571 1575 Contrailus
594 1537 839 1590 Confinsualis
866 1537 910 1576 de
943 1541 1005 1591 ufic
1038 1539 1092 1577 rei
1125 1539 1177 1578 ad
1193 1549 1330 1578 certum
1358 1547 1514 1592 tempus,
1543 1541 1609 1578 vel

171 1604 299 1648 opera,
331 1604 400 1650 pro
432 1599 531 1636 certat
562 1599 717 1638 mercede
741 1598 971 1650 praestandis.
1027 1599 1113 1655 Qi
1137 1612 1234 1640 vero
1263 1612 1378 1652 agros
1404 1599 1607 1649 conducit,

173 1656 345 1709 Calvum-3
375 1657 444 1710 qui
469 1657 586 1707 aedes,
616 1659 856 1712 Inquilinus3
893 1661 960 1712 qui
989 1659 1198 1714 vectigalia
1222 1659 1442 1700 publicanus
1470 1660 1607 1714 adpel-

168 1718 285 1760 latur.

218 1825 291 1869 Qi
313 1826 500 1871 vectigalia,
526 1827 726 1864 publicanus
755 1828 973 1876 adpellatur]
1012 1831 1214 1864 Locationes
1244 1828 1330 1877 apud
1349 1830 1522 1863 Romanos
1548 1828 1602 1864 vel

165 1874 287 1918 publicae
306 1872 453 1917 fuerunt,
479 1875 530 1909 vel
557 1878 689 1919 private.
743 1875 897 1911 Publicas
913 1888 964 1911 res
982 1878 1040 1922 qui
1059 1875 1307 1917 conducebant,
1332 1877 1490 1911 Publicani
1508 1875 1602 1909 dice-

170 1920 304 1962 bantur,
329 1921 424 1967 iique
450 1921 649 1970 plerumque
668 1932 764 1957 erant
780 1924 910 1969 equites
927 1925 1086 1967 Romani,
1113 1935 1195 1970 quos
1214 1927 1319 1959 Cicero
1342 1923 1539 1968 honestissimos
1556 1924 1603 1957 νὶ-

168 1979 227 2008 ros,
251 1966 287 2000 (θ’
306 1968 534 2012 firmamentum
564 1979 730 2004 ceterorum
752 1971 883 2005 ordinum
905 1979 1001 2005 vocat
1031 1972 1065 2003 in
1098 1971 1251 2005 oratione
1277 1980 1328 2014 pro
1344 1970 1428 2014 Lege
1444 1969 1598 2002 Manilia.

169 2013 264 2060 Qin
283 2023 410 2059 quanto
429 2016 463 2049 in
491 2015 619 2050 honore
649 2014 775 2050 fuerint
804 2017 891 2063 apud
917 2019 1086 2051 Romanos
1106 2018 1254 2051 maxime
1272 2016 1341 2064 post
1359 2017 1510 2050 Ciceronis
1525 2025 1603 2049 aeta·

169 2069 251 2101 tem,
276 2059 327 2094 vel
341 2060 418 2095 Inde
433 2071 540 2108 patet,
566 2062 655 2109 quod
671 2064 829 2110 Vespasiani
849 2065 981 2098 Parenti
1008 2062 1192 2098 Publicano
1209 2063 1310 2110 pofita
1328 2062 1373 2096 est
1393 2063 1510 2096 Statua
1524 2073 1600 2096 cum

168 2105 272 2141 titulo
297 2113 424 2141 ΚΑΛΩΣ
448 2115 740 2144 ΤΕΛΩΝΗΣΑΝΤΙ,
768 2113 851 2146 Suet.
871 2110 981 2157 Vespafi
1001 2112 1155 2146 12—At
1173 2111 1212 2145 ab
1231 2111 1354 2146 exteris
1373 2109 1409 2142 hi
1428 2107 1600 2156 publicani

169 2162 264 2187 tanto
282 2154 397 2199 majori
429 2155 634 2192 habebantur
664 2159 892 2204 contemptui,
926 2159 1069 2192 maxime
1088 2171 1105 2192 a
1128 2157 1260 2205 Judaeis‚
1287 2158 1346 2203 qui
1365 2168 1422 2190 eos
1441 2166 1600 2201 tanquam

170 2199 292 2245 pestem
310 2202 533 2247 Reipublicae,
560 2208 596 2239 δε
615 2206 748 2248 generis
778 2204 911 2239 humani
929 2217 989 2252 pro
1001 2204 1131 2239 ›udium
1159 2202 1445 2242 abominabantur.
1498 2202 1598 2234 Mart.

167 2247 300 2281 XVIII.
321 2250 530 2285 17.—Marc.
550 2251 594 2285 11.
618 2263 672 2297 15.
723 2253 851 2296 Immo,
876 2255 913 2287 δε
941 2217 1016 2298 ipsis
1035 2252 1200 2286 Romanis
1225 2251 1390 2299 postremo
1406 2247 1492 2282 adeo
1508 2243 1600 2281 exoli

168 2293 232 2329 effe
251 2304 436 2340 coeperunt,
457 2307 496 2331 ut
513 2296 558 2333 ob
572 2298 649 2334 istos
671 2298 810 2347 quaestus
827 2312 845 2334 a
860 2299 984 2334 Senatu
1002 2298 1233 2334 alienarentur
1254 2298 1400 2345 equites-

829 2371 856 2403 B
881 2368 903 2403 b
931 2381 952 2404 z
1345 2360 1603 2407 Distinguebaut
