2059 2812
594 143 707 196 Lib.
746 143 837 196 JV.
912 143 1009 198 rit.
1049 141 1244 197 XVIII.
1545 150 1643 212 283

270 246 308 286 8.
339 241 601 284 Perduellz'onis
625 243 792 284 erimine
810 233 850 283 se
868 243 1094 297 obstringit,
1122 244 1192 296 qui
1221 255 1395 284 Hos‘rxu
1425 243 1559 285 animo
1577 244 1646 284 ad-

214 307 348 349 versus
379 305 686 360 Rempublicam
718 305 783 347 vel.
816 306 1042 360 Principem
1076 307 1268 347 animatus
1299 306 1646 348 est.-—Cri1ninis

261 415 409 461 Sequuta
427 414 471 449 est
496 416 568 449 Lex
578 413 673 460 Julia
688 413 866 460 majestatis
884 416 965 459 prior
987 413 1052 448 lata
1070 427 1088 448 a
1105 414 1145 449 C.
1161 414 1257 461 Julio
1276 413 1412 457 Caesare,
1438 415 1504 462 qua
1523 425 1558 450 ut
1576 426 1645 449 ma-

211 462 336 509 jestatis
359 462 526 497 damnatis
542 466 628 506 aq'ua
646 465 682 496 &
700 462 770 504 igni
798 460 1055 496 interdiceretur
1071 471 1207 496 cautum
1227 460 1350 504 fuerat,
1372 461 1455 496 teste
1477 463 1645 496 Cicerone

213 510 342 554 Philipp.
358 510 542 543 I.--Non
567 509 661 552 igitm
683 509 852 552 provocatio
881 507 933 554 ista
957 510 1023 553 lege
1054 509 1157 551 datur,
1176 508 1232 553 secl
1256 509 1317 542 dua
1335 505 1467 542 maxim&
1492 508 1644 553 salutares

212 558 304 601 leges,
324 555 545 601 quaestionesque
557 557 713 588 tolluntur.
765 554 859 601 Qd
871 555 909 600 est
930 556 1026 599 igitur
1042 555 1138 597 aliud,
1166 567 1256 600 quam
1271 556 1424 590 adhortari
1440 555 1646 599 adolescentes,

213 612 248 637 ut
271 603 447 644 turbulenti,
471 611 507 637 ut
524 601 664 647 seditiosi,
689 610 723 636 ut
733 602 886 646 perniciosi
911 602 991 636 cives
1005 603 1099 636 velint
1114 600 1190 646 effe?
1228 601 1340 649 Qm
1359 611 1460 636 autem
1485 604 1525 635 ad
1538 601 1647 647 pestem

207 648 293 693 furor
316 650 493 683 Tribunitius
512 650 624 692 impelli
646 660 702 683 non
714 650 838 692 poterit,
863 650 909 682 his
926 649 1042 683 duabus
1059 649 1256 694 questionibus
1274 652 1310 682 de
1332 650 1374 690 vi,
1401 647 1439 683 ὅ]
1464 651 1529 683 DE
1554 649 1647 683 MA-

213 697 233 729 Ι
240 697 268 730 Ε
278 700 302 731 S
308 696 365 731 TA
377 697 440 731 TE
460 695 614 741 sublatis?
653 695 759 742 Qid,
780 696 857 738 quod
872 695 1032 739 obrogatur
1048 696 1093 729 his
1115 695 1225 740 legibus
1251 695 1385 741 Casinis,
1411 707 1470 739 que
1483 697 1590 737 jubent
1606 697 1648 736 ei,

214 744 266 787 qui
286 744 321 776 de
338 744 367 777 ri
382 759 392 784 ;
419 745 550 787 itemque
569 743 608 783 ei,
630 744 682 787 qui
699 742 940 777 MAIESTA
952 742 1033 776 TIS
1056 741 1276 788 damnatusfit,
1301 741 1446 790 AQA
1463 741 1529 777 ET
1546 743 1651 777 IGNI

263 835 314 870 Ad
332 846 517 870 extremum
535 832 682 869 succeffit
712 836 785 869 Lex
813 833 901 880 Julia
921 833 1069 880 posterior,
1095 846 1197 881 quam
1212 835 1362 881 Augustus
1379 835 1512 869 tulerat.
1566 836 1648 869 Eam

213 881 334 926 legem,
359 882 441 916 licet
460 881 536 916 satis
551 880 694 917 severam
713 882 823 929 postea
852 891 963 916 tamen
980 883 1117 916 Tiberius
1135 881 1335 928 asperiorem
1362 880 1527 924 reddidit,
1553 885 1589 917 &
1606 880 1649 915 ad

215 928 286 975 ipsa
311 928 415 972 dieta,
452 941 524 975 quae
553 929 702 975 impunia
732 937 827 962 antea
859 938 966 970 erant,
992 927 1147 974 protulit.
1273 930 1385 963 Tacit.
1404 931 1521 964 Annal.
1543 930 1569 962 1.
1590 940 1645 967 72-

335 978 451 1021 Legem
476 976 552 1010 MA
560 978 577 1009 Ι
585 978 614 1010 Ε
622 978 648 1010 S
656 976 714 1010 TA
724 976 756 1010 T
758 977 776 1010 I
782 978 807 1009 S
827 975 1002 1017 reduxerat,
1034 977 1084 1009 cui
1107 987 1213 1010 nomen
1238 978 1317 1021 apud
1340 985 1453 1010 veteres
1477 978 1567 1018 idem,
1594 975 1651 1019 sed

215 1025 280 1057 alia
307 1025 337 1057 in
346 1024 495 1065 judicium
512 1023 693 1058 veniebant.-
719 1022 748 1067 fi
769 1023 836 1067 quis
848 1022 1013 1066 proditione
1031 1024 1207 1065 exercitum,
1233 1032 1289 1056 aut
1311 1024 1426 1068 plebem
1447 1022 1651 1066 seditionibus,

216 1070 342 1115 denique
356 1068 525 1116 malegesta
541 1070 692 1113 republica
709 1068 893 1112 majestatem
907 1069 1010 1112 Populi
1028 1069 1158 1103 Romani
1172 1068 1326 1112 minuisset.
1379 1071 1467 1103 Facta
1483 1069 1651 1113 argueban-

216 1125 279 1158 tur,
306 1118 466 1151 DICTA
488 1119 507 1151 Ι
512 1116 557 1150 Μ
565 1117 630 1152 PV
631 1117 701 1150 NE
727 1125 824 1150 erant.
876 1117 997 1150 Primus
1021 1116 1172 1162 Augustus
1195 1118 1391 1160 cognitionem
1412 1118 1447 1150 de
1465 1114 1589 1160 famofis
1613 1116 1653 1148 Ii-

217 1163 408 1208 bellisspecie
421 1164 496 1208 legis
513 1165 576 1205 ejus
598 1164 754 1204 tranavit,
781 1170 939 1196 commotus
955 1161 1046 1206 Caffii
1060 1164 1163 1197 Severi
1175 1164 1308 1204 libidine,
1331 1174 1391 1207 qua
1408 1164 1487 1197 viros
1496 1160 1653 1205 faeminas-

217 1220 274 1253 que
295 1208 421 1253 illustres
441 1211 614 1254 procacibus
629 1209 753 1254 scriptis
779 1208 1004 1251 diffamaverat.
1054 1209 1135 1243 Mox
1156 1210 1294 1244 Tiberius
1318 1208 1499 1253 consultante
1518 1209 1655 1252 Pompeio

218 1256 330 1290 Macro
349 1258 486 1298 Praetore,
511 1269 550 1290 an
570 1258 689 1298 judicia
705 1256 782 1290 MA
790 1257 809 1289 I
816 1257 877 1290 ES
883 1256 940 1290 TA
950 1256 1005 1290 TI
1011 1258 1034 1290 S
1056 1257 1264 1298 redderentur,
1289 1258 1471 1290 exercendas
1496 1257 1577 1298 leges
1600 1253 1654 1297 effe

217 1304 368 1348 respondit.
423 1304 517 1338 Hunc
545 1314 660 1348 quoque
680 1304 850 1348 asperavere
879 1304 1015 1337 carmina
1038 1304 1160 1337 incertis
1177 1303 1344 1337 auctoribus
1360 1304 1496 1347 vulgata,
1521 1305 1552 1336 in
1569 1300 1656 1346 saevi-

219 1351 310 1392 tiam,
328 1349 557 1396 superbiamque
571 1352 645 1392 ejus,
669 1348 706 1383 ό*
721 1349 879 1395 discordem
894 1361 959 1384 cum
974 1358 1073 1384 matre
1087 1352 1237 1385 animum.

269 1406 380 1438 Immo
399 1404 457 1439 sub
475 1404 597 1439 eodem
632 1405 697 1438 hoc
715 1416 822 1448 genus
845 1403 1024 1438 calumniae
1050 1416 1091 1439 eo
1115 1403 1328 1450 processerat,
1355 1413 1392 1438 ut
1413 1401 1558 1451 capitale
1575 1399 1657 1436 effet

219 1451 309 1486 circa
328 1451 465 1495 Augusti
494 1451 742 1486 Simulachrum
769 1449 898 1485 servum
929 1449 1097 1494 cecidisse,
1123 1451 1243 1486 vestem
1271 1450 1424 1494 mutasse,
1450 1461 1589 1484 nummo
1605 1446 1658 1482 vel

220 1497 348 1532 annulo
366 1497 551 1543 impressam
571 1499 736 1543 Principis
757 1497 902 1541 effigiem
933 1499 1089 1540 Lati-inse,
1114 1506 1171 1532 aut
1189 1499 1356 1543 Lupanari
1376 1496 1539 1538 intullise‚
1563 1494 1657 1530 dieto

220 1543 307 1586 ullo,
334 1541 466 1578 faecove
484 1544 556 1589 ejus
570 1544 854 1577 existimationem
872 1543 996 1576 laefiffe.

269 1590 442 1624 Postremo
459 1591 611 1625 Arcadius
639 1593 676 1624 &
700 1591 853 1623 Honorius
881 1586 1076 1622 incredibili
1101 1589 1202 1634 Rufini
1226 1593 1263 1625 &
1282 1590 1421 1634 Eutropii
1440 1589 1526 1623 moti
1545 1597 1659 1634 tyran-

223 1636 317 1677 nide,
343 1647 447 1682 quam
475 1637 508 1670 in
540 1635 627 1682 ipsos
646 1636 819 1680 Principes
843 1635 1102 1677 adfedhverant,
1128 1636 1315 1680 Majestatis
1340 1636 1449 1679 legem
1468 1648 1531 1669 non
1549 1635 1658 1669 solum

223 1683 267 1718 ad
292 1682 467 1725 factiones,
495 1681 671 1730 ipsumque
690 1691 849 1716 conatum
865 1681 1092 1728 protulerunt,
1118 1680 1174 1714 sed
1190 1685 1225 1716 δι
1240 1693 1375 1727 poenam
1394 1693 1493 1727 quam
1511 1683 1661 1716 maxime

223 1730 478 1765 exacerbarunt.
529 1730 749 1775 Praeterquam
768 1729 859 1763 enim
886 1727 979 1776 quod
1006 1727 1188 1773 Majestatis
1212 1740 1287 1762 reos
1307 1728 1422 1772 gladio
1440 1726 1534 1762 feriri
1558 1727 1660 1774 juffe-

225 1787 315 1819 runt‚
339 1777 442 1811 etiam
459 1775 546 1811 bona
563 1775 801 1821 adjudicarunt
816 1774 908 1818 fisco,
932 1778 967 1810 &
985 1774 1074 1808 filios
1092 1787 1110 1808 a
1125 1783 1286 1817 materna,
1309 1775 1408 1817 avita,
1434 1775 1662 1821 omniumque

227 1824 460 1872 proximorum
488 1822 684 1858 haereditate
712 1822 936 1865 excluserunt,
963 1833 1071 1867 neque
1094 1820 1281 1868 quidquam
1311 1833 1368 1855 eos
1395 1833 1436 1854 ex
1466 1821 1662 1855 testamento

226 1881 462 1905 extraneorum
481 1882 598 1917 capere
615 1869 690 1917 paffi
708 1868 807 1911 sunt3
833 1879 867 1903 ut
885 1881 942 1903 eos
957 1872 1122 1915 perpetuo
1138 1879 1274 1911 egentes
1289 1872 1325 1903 δε
1345 1879 1506 1914 pauperes
1523 1868 1664 1901 infamia

228 1927 363 1964 paterna
381 1916 508 1964 semper
529 1919 760 1959 comitaretur,
782 1917 952 1962 essentque
971 1915 1064 1958 tales,
1091 1925 1128 1948 ut
1146 1916 1186 1948 iis
1202 1918 1237 1949 &
1257 1927 1346 1949 mors
1362 1914 1515 1957 solatum,
1541 1917 1578 1949 &
1593 1915 1664 1947 vita

229 1964 311 1998 effet
330 1963 543 2010 supplicium.
595 1963 635 1998 Id
653 1964 755 1998 etiam
771 1962 1024 2005 observandum,
1049 1960 1237 2009 perduelles
1255 1974 1350 2009 aeque
1368 1973 1407 1995 ae
1425 1961 1534 1995 hostes
1553 1961 1661 2004 lugeri

230 2024 322 2046 more
346 2012 511 2057 majorum
530 2023 598 2045 non
615 2009 779 2046 debuisse.
968 2028 974 2034 >

278 2098 492 2132 Perduellionis
520 2096 688 2143 crimine]
727 2093 995 2142 Qadruplicem
1022 2096 1112 2129 inter
1143 2094 1328 2141 Majestatis
1355 2097 1391 2128 δε
1419 2092 1664 2140 perduellionis

232 2145 374 2180 crimina
400 2143 628 2179 differentiam
651 2153 746 2178 notat
760 2144 1177 2178 Hotomannus.-—-Prima
1204 2142 1260 2184 est,
1296 2139 1390 2187 quod
1409 2140 1571 2186 majestatis
1598 2140 1666 2172 cri-

234 2192 324 2224 mine
343 2200 499 2225 tenentur
518 2192 555 2233 ii,
581 2191 640 2238 qui
656 2193 829 2236 velpartent
844 2189 989 2236 aliquam
1001 2188 1212 2236 Reipublicae
1227 2186 1377 2222 laeserunt
1392 2203 1402 2228 ;
1428 2187 1533 2221 veluti
1550 2185 1571 2219 fi
1589 2186 1665 2230 quis

235 2236 338 2271 duces
355 2238 496 2271 hostium
520 2248 657 2284 accepta
679 2237 818 2284 pecunia
835 2235 1014 2278 liberavit;
1053 2244 1109 2270 aut
1126 2236 1269 2281 privatus
1285 2234 1389 2268 duces
1414 2234 1553 2267 hostiurn
1570 2231 1665 2265 domi

236 2284 301 2318 suae
320 2284 502 2318 occultavit
517 2300 527 2324 ;
566 2294 620 2318 aut
637 2283 659 2318 fi
677 2286 752 2332 quis
779 2283 989 2328 Magistratui
1020 2294 1082 2329 pro
1098 2281 1210 2316 officio
1227 2280 1285 2316 suo
1303 2279 1432 2325 aliquid
1462 2280 1574 2322 agenti
1592 2278 1666 2312 offi-

239 2332 306 2366 ciat
326 2347 338 2374 ς
368 2332 583 2369 Perduellionis
600 2340 713 2369 autem
730 2332 858 2368 crimen
873 2331 906 2366 in
920 2342 988 2410 etii1
991 2328 1096 2371 cadit,
1120 2330 1179 2376 qui
1186 2329 1335 2376 summam
1351 2324 1560 2406 Reipubflc‘}
1577 2324 1669 2407 ghe-

1013 2387 1034 2410 n
1060 2388 1081 2412 2
1555 2384 1573 2405 a
1611 2382 1667 2406 are
