2059 2812
680 139 794 192 Lib.
825 137 888 191 II.
961 140 1058 193 Tit.
1091 138 1130 190 I.
1540 143 1612 206 »83

189 255 277 283 cum
304 235 458 294 praedjo
484 237 659 289 coaluit3
687 239 813 279 veluti
838 250 928 278 cum
952 238 1114 278 arbores
1143 236 1220 292 jam
1248 236 1399 278 radices
1417 247 1612 290 egerunt:

187 315 302 345 antea
318 317 387 344 tua
404 311 553 342 manet.

253 381 312 413 19·
344 365 492 419 Insula,
529 378 616 418 quae
636 366 678 405 in
696 363 831 404 medio
849 363 1011 404 flumine
1039 362 1228 411 nascitur,
1245 363 1292 403 fit
1311 376 1451 404 eorum
1469 364 1537 416 qui
1566 363 1614 403 ab

186 429 354 482 utraque
372 438 484 482 parte
503 427 674 467 fluminis
691 440 820 480 prope
838 427 966 480 ripam
990 427 1140 480 praedia
1158 425 1368 480 poffident‚
1389 440 1466 480 pro
1491 427 1614 467 modo

184 490 407 529 latitudinis
422 488 604 544 cujusque
617 488 748 530 fundi.
786 488 910 528 Ultra
924 487 1098 528 medium
1116 500 1271 527 amnem
1287 487 1335 527 ad
1355 501 1475 532 unam
1487 489 1615 540 ripam

183 563 290 602 nata,
317 555 401 607 ejus
415 553 550 592 vicino
568 550 775 604 poffeffori
795 560 882 591 tota
901 552 1039 594 cedit‚'
1078 555 1124 591 In
1143 551 1242 590 mari
1254 549 1281 590 fi
1299 548 1513 602 aliquando
1531 550 1615 589 nas-

182 624 309 665 catur,
336 614 483 654 nullius
502 615 570 663 est,
597 619 632 655 ὁ(
652 614 882 666 occupantis
900 615 957 654 fit.

240 693 306 719 20.
337 678 479 717 Alveus
498 691 521 717 a
538 676 699 717 flumine
719 677 878 717 relictus
897 677 1117 731 acquiritur
1135 677 1255 716 etiam
1269 674 1411 715 vicinis
1427 672 1613 727 poffeffo-

183 740 293 780 ribus
321 754 398 793 pro
431 740 553 780 modo
572 740 839 792 praedlorum3
878 753 1003 780 novus
1021 750 1153 778 autem
1172 738 1302 777 alveus
1320 737 1401 789 ejus
1426 736 1522 790 juris
1538 735 1615 775 effe

184 803 341 856 incipit,
373 803 481 857 cujus
499 809 534 843 ὅ(
553 801 677 854 ipsum
696 801 843 841 flumen
862 803 932 850 est,
966 801 1007 841 id
1026 802 1094 848 est,
1120 798 1317 852 publicus.

236 881 299 905 21.
332 866 473 904 Foeturd
490 864 729 917 acquirimus
747 864 933 918 quicquid
953 879 1001 904 ex
1014 862 1180 911 ancillis,
1207 873 1275 901 aut
1293 859 1526 900 animalibus
1542 872 1614 898 no-

182 928 269 968 stris
287 926 486 968 nascitur:
527 941 608 967 non
624 937 706 967 tam
723 928 833 981 quod
857 927 1043 968 accedant
1062 935 1130 966 aut
1156 924 1344 964 uniantur
1370 922 1431 962 rei
1457 923 1614 970 nostrae,

182 1005 299 1044 quam
316 991 424 1044 quod
443 1004 492 1030 ex
510 1004 555 1030 ea
573 991 793 1031 nascantur.
848 989 1057 1047 Qicquid
1074 988 1182 1028 enim
1206 1001 1254 1027 ex
1272 1000 1316 1026 re
1334 985 1422 1026 mea.
1439 984 1614 1025 nascitur

182 1068 312 1094 meum
331 1056 399 1095 est.
1574 1083 1576 1085 .

238 1133 302 1157 22.
334 1117 547 1168 Acceffionis
564 1117 788 1164 Artificialis
804 1117 947 1168 species
965 1115 1067 1155 sunt.
1103 1130 1136 1156 1.
1158 1114 1420 1167 Specificatio.
1453 1111 1614 1152 2.Con-

182 1178 295 1220 fufio.
330 1193 362 1227 3.
378 1177 639 1217 Commixtio.
671 1191 709 1224 4.
729 1177 956 1230 Adjundfio,
969 1176 1094 1216 veluti
1106 1176 1384 1222 lnaedificatio,
1396 1174 1616 1226 Scriptura,

184 1245 465 1288 Intertextura,
483 1252 565 1278 non
583 1252 682 1279 vero
700 1240 871 1280 Pictura.

238 1319 301 1353 23.
334 1301 557 1355 Specificatio
574 1303 643 1349 est,
673 1315 763 1340 cum
780 1315 828 1340 ex
841 1299 972 1340 aliena
989 1298 1158 1339 materia
1169 1299 1268 1338 alius
1284 1310 1429 1339 novam
1443 1299 1614 1352 speciem

182 1368 279 1407 facit
306 1379 355 1405 eo
374 1365 523 1412 animm
551 1374 596 1404 ut
613 1363 682 1404 fibi
702 1364 905 1418 acquirat3
932 1376 1016 1416 quo
1036 1359 1125 1401 casu
1145 1363 1313 1401 materia
1330 1359 1440 1401 cedit
1457 1360 1614 1410 formae,

180 1437 215 1472 ὃ(
235 1443 294 1469 res
311 1429 356 1469 fit
375 1427 650 1481 specificantis,
678 1428 746 1468 nifi
765 1426 816 1467 ad
833 1427 1012 1481 priorem
1031 1423 1171 1464 rudem
1189 1425 1395 1465 materiam
1414 1422 1529 1477 poffit
1554 1437 1615 1464 re-

183 1493 287 1533 duci.
343 1495 485 1545 Neque
517 1501 650 1532 tamen
681 1491 868 1545 pristinus
886 1489 1090 1530 Dominus
1118 1487 1327 1529 fraudatur
1355 1487 1614 1529 aestimatione

181 1556 370 1597 materiae.

231 1663 340 1699 Insula
358 1675 430 1711 quae
449 1664 482 1697 in
499 1661 615 1697 medio
635 1663 773 1697 flumine
788 1659 946 1708 nascitur]
971 1664 1056 1706 Ager
1072 1661 1314 1706 Tarquiniorum,
1340 1661 1392 1705 qui
1407 1662 1486 1696 inter
1497 1661 1616 1697 vrbem

182 1724 219 1746 ac
233 1712 364 1746 Tiberim
384 1710 459 1756 fuit,
486 1709 669 1754 consecratus
683 1710 805 1751 Marti,
831 1709 973 1743 Martius
990 1710 1095 1742 deinde
1113 1718 1236 1753 campus
1245 1707 1323 1752 fuit.
1374 1705 1458 1741 Forte
1481 1708 1520 1741 ibi
1547 1718 1614 1743 tum

176 1759 262 1804 seges
270 1758 367 1802 farris
386 1759 496 1792 dicitur
508 1757 594 1801 fuisse
612 1766 732 1791 matura
749 1755 848 1800 meffi3
875 1769 961 1802 quenz
979 1757 1076 1800 campi
1094 1752 1241 1798 frustum,
1267 1755 1340 1799 quia
1361 1752 1527 1798 religiosam
1547 1763 1616 1788 erar

184 1806 363 1850 consumere,
389 1804 530 1849 desellam
549 1815 614 1838 cum
622 1803 786 1848 stramento
803 1803 936 1848 segetem
952 1814 1062 1847 magna
1079 1804 1125 1836 vis
1143 1803 1290 1836 hominum
1304 1800 1394 1846 simul
1407 1800 1532 1844 mmziffa
1549 1812 1615 1834 cor-

184 1854 263 1886 bibus
269 1851 377 1896 fudere
394 1854 424 1885 in
439 1851 574 1899 Tyberim
592 1853 670 1884 tenui
683 1851 827 1896 fluentem
842 1848 935 1894 aquei,
959 1860 992 1884 ut
1005 1851 1109 1883 mediis
1124 1850 1269 1883 caloribus
1286 1848 1386 1893 solers
1411 1850 1457 1882 ita
1476 1850 1507 1882 in
1530 1848 1615 1882 vadis

182 1898 336 1944 haefitantis
346 1897 495 1941 frumenti
511 1909 631 1931 acervos
640 1895 743 1941 sediffe
758 1900 848 1931 illitos
863 1899 933 1931 limo
949 1912 958 1930 :
996 1896 1048 1941 ins
1044 1899 1127 1931 ulam
1144 1897 1213 1929 inde
1226 1897 1393 1940 paulatim,
1415 1894 1452 1929 (θ’
1470 1895 1540 1928 aliis
1555 1906 1614 1939 qua

177 1945 241 1988 ferr
257 1943 483 1988 temereflumen
496 1946 592 1978 eodem
608 1946 728 1978 investis
737 1942 854 1987 fallam
873 1960 882 1984 3
908 1943 1007 1989 postea
1027 1945 1112 1977 credo
1129 1942 1251 1976 additas
1266 1943 1368 1983 moles,
1394 1953 1542 1987 manuque
1558 1943 1615 1974 ad·

179 1994 288 2034 jutum,
314 2001 348 2026 ut
361 2001 425 2026 tam
440 1993 572 2026 eminens
586 2002 670 2034 area,
689 1991 838 2036 firmaque
855 1992 972 2036 templis
989 2001 1102 2036 quoque
1116 2001 1153 2023 ac
1166 1990 1329 2034 porticibus
1340 1988 1517 2034 sustinendis
1533 1986 1611 2032 effer,

185 2040 258 2072 Liv.
276 2038 351 2073 Lib.
369 2051 402 2072 2.
423 2050 495 2086 cap.
514 2050 542 2083 5.

231 2106 352 2140 Novus
369 2116 479 2188 autleni
498 2105 625 2152 alveus]
663 2107 717 2140 Ita
734 2105 932 2154 plerumque
948 2107 1074 2149 evenit,
1100 2115 1135 2140 ut
1159 2105 1242 2141 alios
1263 2105 1390 2141 flumen
1407 2103 1510 2148 ditet,
1534 2103 1616 2138 alios

188 2163 360 2198 pauperet.
445 2165 541 2188 ucan.

515 2225 588 2258 Illos
614 2232 695 2257 terra
715 2223 801 2270 fugit
825 2225 981 2266 Dominus,
1007 2225 1051 2258 his
1077 2236 1149 2259 rura
1176 2224 1282 2258 colonis

520 2277 674 2313 Accedunt
701 2279 826 2314 donante
853 2280 944 2314 Pado.

921 2382 956 2419 L
987 2393 1008 2415 2
1378 2386 1441 2422 24.
1474 2370 1618 2426 Confitfio
