2059 2812
731 147 844 200 Lib.
877 148 918 201 J.
989 147 1087 201 Tit.
1117 148 1185 202 Π.
1616 170 1678 220 19

239 252 370 296 Ediffl,
385 255 421 287 &
438 248 624 285 conderent
638 260 733 284 nova.
787 250 813 284 F
816 248 915 284 ecisse
933 248 969 284 id
983 248 1276 284 animadvertimus
1290 250 1462 287 C.Verrem.
1516 253 1547 287 Is
1560 252 1673 288 edicto

238 304 282 339 L.
293 301 391 335 Annio
409 297 547 333 Haeredi
562 296 708 332 secundo
722 298 856 332 PAnm'i
867 298 971 343 Asellii
989 296 1192 331 condonavit
1206 298 1439 334 haereditatem
1452 299 1584 335 exclusa
1602 301 1675 336 filia

240 349 336 384 unica
351 344 481 380 haerede
497 358 514 380 a
529 347 627 380 Patre
646 345 804 378 instituta.
834 344 906 377 Cic.
921 345 956 377 in
971 346 1068 378 Verr.
1085 346 1109 378 1.
1124 356 1181 389 41.
1233 347 1284 380 De
1299 358 1340 380 eo
1360 345 1482 382 Edicto
1496 348 1568 382 Cic.
1587 347 1670 383 ibid.

238 396 319 441 Cap.
341 405 397 439 42.
450 396 497 428 Ac
506 393 532 439 fi
549 395 599 428 hoc
614 395 685 434 juria
705 404 760 426 non
778 392 858 426 unius
876 390 966 434 causa
983 392 1107 425 hominis
1129 393 1217 426 EDI
1221 393 1255 425 X
1258 395 1388 436 ISSES,
1414 396 1533 429 cautius
1560 405 1675 440 compo-

229 441 342 489 suiffies.
372 439 482 476 Idem.
499 441 648 486 Cap.45.
678 437 781 473 refert
800 437 981 472 ridiculum
1000 438 1157 473 Edictum
1175 439 1380 486 proposuisse
1393 442 1533 477 Verrem
1548 443 1582 477 in
1600 454 1676 487 gra-

237 491 319 523 tiam
346 487 485 522 haeredis
502 489 648 528 Minucii,
675 487 767 533 cujus
791 484 1046 520 Testamentum
1076 485 1233 532 alioquin
1263 487 1337 531 jure
1369 488 1498 522 nullum
1518 500 1676 524 erat—-

238 538 403 580 Componit,
427 536 554 582 inquit,
579 532 809 570 EDICTVM
827 534 865 566 iis
892 534 999 574 verbis,
1023 543 1059 567 ut
1075 535 1170 577 quivis
1187 535 1351 578 intelligere
1363 537 1460 581 possit‚
1486 538 1568 570 unius
1582 539 1675 573 homi-

238 586 286 618 nis
305 582 400 618 causi
420 584 615 627 conscriptum
629 584 692 625 csse,
720 590 841 616 tantum
858 581 932 625 quod
946 581 1090 614 hominem
1107 592 1161 614 non
1179 584 1322 615 nominat.

288 629 371 665 Ideo
390 633 425 665 C.
442 631 598 665 Cornelius
628 626 803 662 Tribunus
821 626 931 661 Plebis
949 630 1046 661 Anno
1068 639 1133 663 v.c.
1155 640 1357 664 Dcrxxxvr.
1386 627 1495 673 legem
1522 628 1614 672 tulit,
1639 639 1678 666 ut

238 679 403 712 Praetores
422 689 462 711 ex
482 676 610 711 Ediffis
633 673 697 708 suis
716 676 898 722 perpetuis,
926 673 990 709 five
1008 674 1096 717 fixis,
1121 676 1173 721 jus
1191 675 1367 717 dicerent;
1405 688 1517 723 neque
1539 677 1587 710 eis
1603 687 1678 711 toto

240 723 455 769 magistratus
472 735 561 758 anno
580 720 738 756 recedere
759 722 879 756 liceret
893 720 935 755 ab
952 733 993 755 eo
1011 722 1098 769 jure,
1126 733 1194 767 quo
1211 721 1243 756 se
1259 722 1373 757 usuros
1392 724 1492 757 initio
1502 724 1681 768 Magistra-

238 771 290 806 tus
309 770 437 806 civibus
450 768 715 806 denunciaffent.
769 768 886 803 Fiebat
904 779 1029 812 autem,
1058 779 1094 803 ut
1108 779 1167 803 aut
1182 771 1311 814 integra
1332 769 1462 813 Edieta,
1489 781 1547 806 aut
1565 773 1680 817 capita

237 819 372 865 aliquot
389 820 423 852 in
443 819 498 853 sua
513 818 693 864 posteriora
712 815 941 859 transferrent,
968 828 1074 864 eaque
1099 829 1373 853 TRANSLAn-rm
1402 819 1572 853 nominata
1590 818 1677 854 sunt.

238 866 342 900 Unde
359 866 433 900 Cic.
452 867 486 900 in
498 865 749 901 Ver1·.——Sed
763 866 794 898 in
815 876 846 898 re
864 874 928 898 tam
946 862 1056 909 ufitatei
1077 863 1158 908 satis
1182 864 1220 910 est
1242 865 1388 910 ostendere
1412 877 1509 900 omnes
1525 875 1617 900 antea
1629 869 1681 909 jus

239 915 286 947 ita
303 915 416 960 dixisse,
444 913 481 948 ά
498 914 547 947 hoc
572 922 655 948 vetus
671 913 810 947 Edic‘lum
828 912 1239 947 TRANSLATITIVM
1265 915 1328 957 esse.
1382 914 1433 946 Ita
1454 911 1524 958 ipse
1540 912 1616 948 Cic.
1636 913 1678 947 ad

240 959 362 995 Famil.
382 960 484 1007 Epist.
497 961 527 994 8.
542 959 659 1006 Lib.3.
681 959 817 993 testatur
834 958 867 993 se
883 958 1042 1006 pleraque
1058 970 1100 992 ex
1110 961 1201 1004 Appii
1217 961 1320 994 Pulcri
1338 957 1460 993 Edicto
1474 959 1595 995 iisdem
1611 972 1684 996 ver-

237 1007 288 1041 bis
308 1005 541 1052 transcripfiffe
557 1008 591 1040 in
607 1005 713 1050 suum,
733 1010 769 1041 &
786 1018 871 1041 nova
886 1006 1040 1052 quaedam
1055 1004 1222 1040 addidisse
1237 1005 1281 1041 de
1298 1006 1491 1041 minuendis
1503 1008 1682 1043 civitatum

238 1053 433 1101 sumptibus,
460 1054 583 1101 quibus
598 1053 667 1101 ipse
686 1065 889 1100 magnopere
904 1051 1101 1088 delectetur.
1156 1055 1264 1088 Fuere
1281 1065 1362 1097 ergo
1376 1055 1410 1087 in
1428 1053 1489 1088 illo
1503 1054 1682 1090 Ciceronis

240 1102 360 1136 Edicto
374 1103 506 1144 Cilicico,
532 1101 685 1148 quaedam
701 1113 989 1143 TRANSLATITIA,
1016 1099 1168 1146 quaedam
1188 1113 1205 1134 a
1217 1103 1359 1136 Cicerone
1374 1112 1417 1135 De
1435 1114 1537 1137 novo
1554 1100 1681 1137 addita.

238 1150 328 1182 Curn
350 1149 469 1183 Edicta
489 1150 646 1182 Praetoris
675 1150 708 1181 in
727 1158 852 1182 certam
868 1149 953 1193 juris
976 1147 1143 1182 reddendi
1163 1160 1314 1182 normam
1334 1147 1551 1191 transierunt,
1582 1150 1619 1183 id
1640 1148 1684 1184 ab

239 1194 409 1240 aliquibus
424 1194 510 1226 adeo
527 1194 685 1240 perplexe
698 1194 857 1234 traditur,
875 1203 912 1226 ut
925 1196 980 1226 vix
993 1196 1215 1228 internoveris
1225 1195 1408 1230 discrimen
1423 1196 1513 1230 inter
1522 1194 1681 1232 Edictum

240 1251 438 1287 perpetuum
458 1241 702 1274 Cornelianorum
728 1249 932 1285 temporum,
956 1243 992 1274 &
1019 1238 1113 1273 aliud
1135 1239 1291 1274 Edictum
1316 1253 1475 1275 ADRIANI
1507 1242 1596 1287 juffu
1626 1242 1682 1277 di-

239 1288 375 1332 gestum.
428 1286 567 1320 Scilicet
580 1286 713 1320 Adriani
744 1297 814 1318 aevo
840 1297 880 1318 ex
909 1284 1061 1330 pluribus
1087 1286 1296 1331 superiorum
1326 1288 1512 1322 Praetorum
1534 1287 1680 1332 Efficias,

239 1335 356 1368 annuis
382 1333 448 1367 illis
465 1332 618 1379 quidem,
644 1330 699 1365 sed
721 1341 866 1377 propter·
882 1332 1140 1373 Auctoritatem,
1166 1335 1204 1366 ὃ(
1222 1334 1417 1378 aequitatem
1436 1346 1555 1370 eorum
1570 1348 1685 1372 TRAN-

237 1392 439 1422 stATITIIS,
467 1390 570 1426 atque
595 1380 629 1412 in
647 1377 807 1413 affiduam
823 1376 1101 1425 jurisdictionem
1123 1377 1234 1422 verfis,
1261 1388 1507 1427 proptereaque
1523 1392 1681 1419 veterum

239 1426 557 1476 Jurisconsultorum
577 1426 858 1473 interpretatione
871 1426 1012 1469 ornatis,
1031 1424 1188 1460 Edkstum
1204 1438 1309 1461 unum
1327 1426 1550 1474 compositum
1565 1429 1623 1473 est,
1644 1432 1683 1466 &

239 1479 274 1510 in
300 1475 393 1522 plura
418 1475 526 1521 capita
554 1473 640 1508 mira
669 1485 740 1508 arte
769 1472 933 1507 tributum
951 1474 1082 1508 Adriani
1105 1473 1191 1520 jussu
1210 1485 1270 1521 per
1284 1476 1420 1509 Salvium
1432 1474 1601 1520 Julianum
1616 1478 1682 1523 Ju-

237 1519 485 1564 risconsultum‚
512 1520 603 1568 quod
628 1532 841 1556 PERPETVVM
865 1532 1002 1568 quoque
1020 1519 1088 1555 fuit
1108 1520 1314 1567 appellatum
1331 1521 1401 1555 alio
1419 1521 1524 1565 sensu,
1550 1522 1681 1559 scilicet

238 1571 332 1605 omni
349 1569 456 1617 postea
471 1579 625 1616 tempore
638 1568 849 1610 duraturum,
866 1580 908 1602 ex
925 1579 993 1613 quo
1004 1570 1065 1616 Jus
1079 1580 1098 1602 a
1111 1566 1232 1603 futuris
1243 1567 1449 1603 Praetoribus
1468 1569 1681 1606 redderetur.

287 1617 373 1663 Qae
395 1615 437 1650 de
460 1617 534 1663 jure
561 1615 712 1651 dicundo
731 1617 891 1650 Praetores
908 1615 1096 1658 edicebant,
1121 1615 1211 1650 varie
1239 1615 1378 1663 quidem
1396 1628 1459 1663 pro
1477 1628 1513 1651 re
1530 1616 1682 1664 subje&st

240 1663 545 1711 concipiebantur3
585 1674 622 1697 ut
655 1664 837 1709 plurimum
865 1675 943 1697 vero
971 1665 1004 1697 in
1035 1663 1106 1697 haec
1135 1662 1235 1697 verba
1262 1662 1471 1706 definebant‚
1495 1675 1684 1701 IVDICIVM

240 1724 347 1754 Drino,
374 1711 426 1745 vel
455 1723 651 1747 ACTIONEM
679 1724 862 1746 DABo.—-—
876 1711 929 1746 Sic
951 1712 1079 1745 Praetor
1098 1712 1133 1744 tle
1155 1712 1280 1757 negotiis
1296 1711 1385 1757 gestis
1403 1711 1683 1748 edixerat—31

239 1770 322 1803 qvls
349 1770 517 1794 ΝεοοτιΑ
544 1771 733 1801 ΑιτΕΜνε,
773 1770 852 1794 SIVE
880 1770 965 1802 QVIS
994 1770 1173 1799 NEGOTIA,
1206 1770 1287 1803 QVAE
1315 1770 1510 1803 CVIVSQVE,
1542 1771 1619 1795 cvM
1646 1771 1682 1795 1s

239 1817 421 1848 Moiurvn,
466 1819 639 1848 Fvaizmr,
675 1817 864 1847 cesseras,
909 1817 1095 1841 1vo1c1vm
1120 1817 1164 1840 Eo
1191 1818 1341 1841 nomme
1366 1818 1472 1841 DAsso.
1534 1806 1606 1841 Cic.
1636 1806 1683 1841 de

241 1856 323 1897 Leg.
344 1852 421 1887 Lib.
437 1865 469 1889 1.
521 1855 587 1888 Non
604 1865 672 1899 ergo
691 1866 709 1887 a
732 1854 970 1888 PRAETORIS
993 1854 1188 1894 EDICTO,
1227 1863 1261 1887 ut
1276 1854 1412 1897 plerique
1437 1865 1526 1896 nunc,
1551 1866 1648 1900 neque
1664 1866 1686 1888 a

242 1913 296 1936 12.
313 1903 406 1936 Tabb.
427 1911 460 1935 ut
467 1900 643 1946 superiores,
660 1901 716 1947 sed
732 1903 853 1946 penitus
870 1914 907 1936 ex
927 1899 1037 1936 intimi
1055 1899 1240 1946 Philofhphici
1265 1902 1464 1936 hauriendam
1484 1903 1561 1943 juris
1578 1901 1684 1946 Disci-

236 1951 353 1993 plinam
364 1957 454 1993 putus
469 1953 482 1983 ἓ

289 1998 452 2031 Εῡῐεεκε
470 1996 573 2030 etiam
587 1995 714 2031 dicitur
728 1995 771 2030 de
786 1996 840 2038 iis,
860 2007 933 2042 quae
946 1995 1072 2030 Privati
1087 1994 1290 2039 decernunt,
1308 1999 1345 2030 &
1362 1995 1518 2042 privatim
1535 1994 1656 2030 dicunt
1670 2011 1684 2037 ;

245 2043 473 2091 metaphorice
487 2046 568 2079 vero
585 2043 627 2078 ad
647 2043 683 2077 id
704 2042 916 2084 transfertur,
942 2042 1047 2090 quod,
1074 2042 1164 2090 quafi
1183 2042 1314 2089 publica
1331 2044 1542 2078 Auctoritate
1558 2042 1684 2077 sancia-

244 2100 306 2131 tur,
330 2093 363 2124 in
379 2092 494 2138 primis
508 2101 616 2126 ratum
633 2090 698 2126 effe
715 2091 842 2126 volunt.
895 2091 950 2125 Sic
961 2092 1104 2127 Callicles
1119 2090 1208 2138 apud
1223 2092 1367 2126 Plautum
1386 2091 1419 2125 in
1429 2091 1610 2126 Truculento
1627 2100 1682 2123 ve<

246 2147 314 2171 rum
331 2137 373 2171 ab
389 2137 516 2173 ancillis
536 2150 739 2185 extorquere
754 2139 881 2181 volens,

576 2188 717 2222 EDICO
731 2189 827 2231 prius,
852 2185 980 2232 inquit,
1005 2199 1042 2221 ne
1059 2187 1191 2231 duplices
1207 2186 1346 2220 habeatis

574 2236 727 2280 Linguas,
755 2246 790 2268 ne
807 2246 859 2279 ego
877 2234 1021 2278 bilingues
1037 2246 1086 2268 vos
1108 2246 1220 2269 necem.

246 2278 292 2310 Et
310 2277 395 2323 apud
413 2279 553 2315 Terent.
569 2282 603 2315 in
620 2284 805 2316 Heautont.
832 2280 964 2327 Sostrata
980 2282 1166 2316 Chremetem
1185 2279 1371 2327 alloquens,

576 2329 712 2364 Primum
728 2331 779 2363 hoc
797 2338 827 2362 te
842 2341 901 2371 oro,
927 2341 963 2362 ne
978 2330 1049 2374 quid
1065 2330 1169 2364 credas
1186 2340 1232 2363 me
1249 2326 1387 2371 adversus
1403 2325 1500 2360 Tuum

584 2377 612 2409 E
623 2377 656 2409 D
667 2375 845 2412 ICTVM
863 2375 969 2420 facere
994 2379 1045 2422 esse
1070 2375 1188 2421 ausam.
1606 2419 1638 2453 H

1051 2422 1080 2456 C
1107 2435 1129 2456 2
1643 2430 1686 2455 uc
