2059 2812
637 137 750 189 Lib.
778 138 844 190 Π.
917 138 1013 191 Tit.
1043 138 1110 192 Χ
1496 118 1589 200 ξω

226 251 287 287 14.
318 240 551 288 Nuncupata
584 236 640 274 ita
671 235 855 276 voluntas
886 238 1015 291 potest
1042 247 1174 277 tamen
1205 239 1455 291 probationis
1479 243 1595 283 causi

168 301 287 341 etiam
304 300 436 340 scribi.
491 298 605 354 Qn
628 304 662 339 ὅ(
683 299 821 352 scripti
844 302 1083 341 Testamenti
1105 301 1218 352 plura
1239 301 1475 355 exemplaria
1498 318 1594 343 con-

166 362 232 402 fici
249 363 407 417 possunt
422 381 433 413 ;
464 361 559 400 licet
578 373 697 400 nemo
716 361 866 400 duobus
884 362 1123 401 testamentis
1142 363 1257 413 poffit
1275 363 1481 405 decedere.

301 458 473 535 JUS‘
499 467 688 519 ANG
707 466 755 515 L
774 465 1161 519 [CANUM.
1189 470 1249 519 ad
1270 471 1369 520 Tit.
1390 474 1451 522 X.

210 549 462 583 Testamentum
477 544 591 593 propri&
607 546 736 581 dictum
756 545 800 580 est
818 546 902 580 illud
924 546 1109 593 supremum
1130 548 1272 582 hominis
1286 549 1452 594 judicium
1470 552 1503 585 in
1522 564 1590 598 quo

163 594 309 641 ejusdem
333 607 520 630 exucvrou
539 594 898 628 nominatur.---Hic
916 597 1004 627 enim
1021 595 1091 639 ejus
1108 594 1183 628 loco
1201 595 1258 636 est,
1286 597 1343 641 qui
1360 608 1479 631 Βῶκες
1499 596 1589 644 apud

162 643 337 676 Romanos
357 640 479 684 ἀὶἃιιε,
505 645 540 675 &
567 640 657 687 quali
685 639 763 674 bafis
789 640 996 675 Testamenti
1025 642 1081 682 est,
1108 641 1293 676 Testatoris
1321 643 1437 677 statum
1470 656 1589 688 reprae-

159 687 643 723 sentans.-Testa1nentu1n
660 686 813 732 impropri&
833 686 961 720 dictum
979 687 1023 720 est
1043 687 1201 733 quaelibet
1217 689 1281 723 alia
1299 689 1418 723 ultima
1435 689 1587 727 voluntas

159 733 223 769 five
252 733 288 768 fit
309 733 507 776 Codicillus,
534 733 596 767 five
616 735 736 767 mortis
753 732 845 767 causa
863 735 1026 775 Donatio,
1053 733 1115 767 sive
1131 735 1299 780 Epistola:
1325 746 1504 783 utrumque
1530 750 1588 772 au—

159 790 227 815 tem
248 782 311 816 hoc
340 782 384 815 est
401 780 526 827 duplex
545 781 689 825 scripturn
707 779 759 813 vel
784 782 1014 824 nuncupativum
1034 778 1089 814 sed
1112 792 1168 825 per
1193 783 1451 828 nuncupativum
1470 785 1586 819 Terra:

156 827 228 862 dari
247 841 310 862 non
330 827 472 875 poffunt.

206 874 382 909 Fastidiosa
400 873 486 907 adeo
505 872 561 907 illa
579 873 798 918 antiquorum
819 871 999 907 Curiositas
1015 872 1111 909 nobis
1129 873 1194 907 visa
1214 875 1272 918 est,
1301 885 1337 908 ut
1354 887 1490 910 omnem
1517 875 1588 911 fere

158 921 343 955 testamenti
361 919 588 967 probationem
609 919 763 954 idoneam
782 920 1019 962 existimemus,
1041 932 1115 968 quae
1135 922 1249 967 primae
1266 920 1318 955 illi
1334 923 1418 967 juris
1433 920 1585 966 gentium

157 967 359 1013 simplicitati
392 966 561 1001 satisfacit.
614 968 742 1012 Neque
773 968 864 1001 enim
886 965 954 1000 duo
973 967 1068 1001 testes
1085 967 1187 1001 hodie
1206 967 1334 1015 semper
1358 971 1584 1014 requiruntur,

155 1014 179 1047 [ι
205 1015 277 1047 aliae
305 1014 362 1049 {int
381 1013 653 1054 Circumstantiae,
679 1025 752 1058 quae
780 1013 1014 1060 probationem
1037 1014 1199 1060 supplent.
1252 1015 1285 1048 Si
1312 1027 1391 1049 vero
1410 1017 1525 1049 Terrae
1551 1016 1584 1050 ὅσ

156 1063 365 1096 Tenemcnta
383 1061 549 1103 legentur,
574 1071 639 1094 tres
657 1060 751 1094 testes
766 1061 991 1107 requiruntur.
1406 1071 1411 1078 ·

203 1107 384 1153 Dispositio
410 1106 572 1140 bonorum
597 1105 774 1140 secundum
801 1107 986 1141 voluntates
1016 1105 1253 1142 dcfunstorum
1282 1119 1323 1141 ex
1341 1107 1583 1143 consuetudine

154 1154 379 1199 antiquissimi}
398 1155 429 1185 in
452 1153 516 1184 boc
535 1164 650 1193 regno,
678 1152 792 1184 saltem
812 1154 923 1197 quoad
952 1153 1039 1185 bona
1067 1158 1102 1187 &
1119 1153 1245 1187 Catalla
1262 1156 1336 1198 Juri
1356 1153 1583 1189 Ecclefiastico

155 1198 306 1247 permiffa
322 1199 377 1232 est.
431 1199 515 1231 Cum
535 1209 611 1230 vero
629 1197 670 1230 de
689 1197 906 1231 Testamento
924 1197 1063 1230 condito
1082 1210 1147 1231 non
1173 1199 1217 1232 est
1231 1196 1387 1240 dubium,
1412 1201 1445 1232 in
1466 1201 1580 1234 Testa-

156 1256 270 1280 mento
291 1248 458 1280 Executor
478 1245 663 1278 nominatus
680 1242 721 1277 de
739 1243 835 1277 bonis
856 1243 1036 1277 mobilibus
1052 1243 1239 1289 disponere,
1267 1256 1328 1278 nec
1347 1245 1511 1280 affionem
1529 1248 1582 1280 in-

155 1294 287 1327 stituere
303 1292 417 1338 potest,
445 1289 634 1336 priusquam
651 1290 901 1323 Testamentum
915 1290 1106 1335 exequendi
1125 1291 1364 1324 authoritatem
1379 1290 1421 1324 ab
1432 1291 1582 1327 Ordina-

155 1341 205 1372 rio
222 1339 359 1385 adeptus
375 1337 489 1377 fuerit,
514 1348 612 1382 quam
630 1336 825 1382 potestatem
844 1345 880 1370 ut
899 1336 1061 1376 obtineat,
1086 1346 1226 1382 oportet
1240 1336 1372 1382 prolato
1388 1348 1501 1371 coram
1516 1341 1580 1384 Ju-

152 1386 228 1419 dice
249 1384 473 1418 Ecclesiastico
504 1382 718 1416 Testamento
742 1383 969 1427 juramentum
1001 1381 1175 1427 suscipere,
1203 1381 1297 1429 quod
1326 1382 1440 1416 credat
1465 1385 1581 1418 Testa-

153 1441 301 1465 mentum
320 1431 507 1464 exhibitum
536 1428 600 1462 elie
618 1439 732 1461 verum
750 1438 852 1474 atque
875 1428 1030 1461 ultimum
1060 1430 1315 1462 Testamentum
1333 1428 1517 1470 Defuncti3
1542 1434 1580 1465 δε

152 1477 244 1523 quod
259 1478 380 1524 justum
400 1481 434 1512 ὃς
464 1475 564 1509 fidele
584 1476 808 1509 Inventorium
837 1475 989 1508 omnium
1020 1477 1055 1509 δέ
1074 1473 1276 1518 fingulorum
1302 1476 1479 1518 bonorum,
1505 1489 1580 1522 quae

151 1524 326 1559 defunctus
353 1524 409 1558 die
429 1524 503 1557 vitae
528 1526 563 1557 &
590 1523 707 1556 mortis
733 1521 860 1563 habuit,
882 1521 1056 1563 conficiet,
1084 1525 1119 1556 &
1142 1531 1293 1567 tempore
1310 1523 1469 1566 affignato
1483 1523 1579 1556 exhi-

151 1571 269 1612 bebit;
297 1573 376 1604 irem
397 1569 490 1617 quod
508 1568 635 1610 debita,
661 1573 696 1603 ὃς
716 1569 822 1611 legata
835 1567 952 1610 solvet,
979 1572 1013 1602 δε
1038 1569 1184 1601 rationes
1200 1568 1297 1613 justas
1315 1567 1378 1603 suae
1395 1571 1578 1608 Executio-

151 1620 199 1652 nis
218 1617 350 1660 reddet,
372 1616 643 1664 quandocunque
666 1614 839 1660 requisitus
856 1613 970 1649 fuerit.

195 1666 248 1698 Sin
267 1677 344 1699 vero
365 1665 439 1710 quis
457 1663 605 1708 intestatus
623 1661 805 1696 Decefferit
821 1661 862 1695 ad
881 1661 1099 1695 Ordinarium
1118 1663 1219 1695 ctiam
1234 1661 1358 1708 speetat
1375 1663 1577 1708 Administra-

149 1714 255 1745 tionem
277 1714 410 1745 bonorum
428 1709 546 1751 viduae,
570 1720 626 1742 aut
644 1711 800 1755 proximo
826 1706 1082 1751 Consanguineo
1103 1718 1158 1742 aut
1177 1709 1312 1754 utrique
1332 1709 1436 1754 juxta-
1453 1708 1579 1745 discre-

149 1760 277 1792 tionem
297 1756 496 1798 concedere,
524 1757 666 1802 proestito
684 1756 773 1802 prius
792 1756 990 1800 juramento,
1016 1752 1225 1796 defunctum,
1250 1764 1414 1800 quantum
1439 1757 1578 1798 constat,

149 1804 242 1838 nullo
269 1805 464 1838 testamento
479 1801 618 1836 condito
638 1801 833 1842 decesslffe3
864 1811 1022 1847 praeterea
1041 1800 1070 1834 se
1086 1802 1207 1846 justum
1235 1803 1464 1835 Inventorium
1481 1803 1576 1836 exhi-

147 1852 316 1891 biturum;
343 1851 457 1886 debita
474 1848 632 1883 Defunffi
649 1850 744 1895 juxta
763 1848 912 1882 valorem
931 1848 1093 1882 bonorum
1111 1846 1370 1895 persoluturum,
1397 1851 1433 1882 &
1451 1846 1473 1880 fi
1489 1848 1572 1894 quid

148 1895 358 1943 luperfuerit,
384 1896 496 1931 liberis
515 1907 571 1930 aut
589 1895 662 1929 aliis
681 1894 935 1938 consanguineis
959 1893 1108 1928 defuncti
1125 1895 1218 1940 quta
1235 1896 1405 1940 portiones
1423 1907 1441 1927 a
1460 1895 1573 1938 judice

148 1943 346 1987 assignandas
361 1953 586 1987 erogaturum,
606 1946 641 1977 ὃς
657 1943 800 1976 rationes
814 1942 911 1986 justas
927 1939 975 1975 sui
995 1943 1142 1975 muneris
1159 1940 1381 1975 redditurum.
1436 1941 1574 1988 Insuper

149 1989 332 2037 priusquam
349 1990 461 2024 literas
477 1989 782 2023 Administratorias
800 1987 908 2031 figillo
923 1989 1145 2022 communitas
1161 1989 1317 2032 accipiet,
1343 1987 1385 2021 sei
1413 1986 1479 2021 sum
1498 1999 1571 2022 cum

148 2037 278 2071 idoneis
291 2035 538 2083 fidejussoribus
555 2048 615 2081 pro
628 2036 711 2081 justa
727 2034 894 2068 bonorum
911 2033 1200 2070 administratione
1214 2034 1364 2077 obligare
1381 1999 1495 2069 (peber-

194 2083 368 2118 Ordinarii
388 2093 514 2125 autem,
540 2084 596 2128 qui
627 2080 816 2131 hujusmodi
835 2080 1079 2115 Executoribus
1102 2085 1138 2116 δε
1157 2080 1488 2115 Administratoribus
1513 2093 1570 2116 au-

146 2131 334 2164 &toritatem
364 2130 524 2176 praestant,
559 2128 644 2171 sunt,
680 2127 702 2162 fi
729 2127 912 2162 Defunaus
935 2141 1029 2163 BONA
1052 2139 1270 2170 NOTABILIA,
1308 2126 1343 2160 id
1370 2126 1426 2168 est,
1452 2128 1572 2162 valoris

148 2177 298 2222 quinque
314 2175 471 2210 librarum
492 2178 525 2210 in
552 2174 690 2210 diverfis
716 2173 925 2209 Dioecefibus
950 2185 1100 2221 tempore
1121 2176 1240 2208 mortis
1258 2173 1425 2216 habuerit,
1452 2175 1568 2209 Archi-

145 2220 292 2268 episcopi
307 2223 379 2268 jure
394 2224 616 2266 Prerogativae
635 2234 692 2268 per
709 2223 895 2267 provincias
913 2220 1003 2262 suas;
1032 2220 1054 2255 fi
1075 2231 1168 2255 extra
1188 2220 1358 2256 Dioecefin
1372 2221 1459 2255 bona
1473 2230 1568 2254 nota-

147 2268 226 2303 bilia
244 2281 310 2302 non
337 2268 502 2309 habuerit,
528 2268 680 2315 Episcopi
704 2269 896 2303 Dioeceseos
922 2269 957 2302 in
991 2268 1057 2314 qua
1075 2270 1151 2315 quis
1178 2269 1334 2302 moritur.
1385 2266 1469 2299 Cum
1489 2276 1568 2299 vero

148 2315 348 2363 Episcopum
376 2315 568 2349 Dioeceseos
597 2325 844 2362 competentem
873 2316 927 2350 hic
946 2315 1102 2362 Judicem
1127 2313 1322 2358 dixerimus,
1347 2313 1411 2346 hoc
1428 2312 1470 2344 de
1497 2312 1567 2357 ejus

1430 2369 1566 2404 quoque
