2059 2812
355 180 457 228 292
749 154 1010 207 Elementa
1043 153 1188 220 Jurz's
1225 154 1396 207 Civilis

353 259 412 313 jus
429 256 606 299 criminis
627 254 686 294 rei
719 253 825 301 sunt,
853 253 987 307 quiin
1021 255 1272 302 testamento,
1299 252 1364 293 vel
1394 253 1482 294 aliis
1508 255 1797 308 instrumentis,

354 320 396 360 in
416 312 496 360 alio
515 318 679 359 nomine
699 315 960 364 adsumendo,
989 316 1034 356 in
1052 316 1284 357 testimonio
1304 315 1571 369 perhibendo,
1599 319 1639 359 in
1656 320 1802 374 suppo-⁴

352 381 486 422 nendo
517 391 650 435 partu,
680 381 721 420 in
752 378 960 428 mensuris,
988 394 1032 421 ac
1065 378 1237 433 denique
1266 379 1307 418 in
1335 380 1507 419 nummis
1532 381 1802 424 adulterandis

353 442 788 495 falsumcommittunt.
1646 447 1648 449 ’

411 523 476 557 24.
508 508 576 549 Ob
596 508 692 548 falfa
713 507 795 548 haec
828 507 961 547 omnia
981 506 1084 548 servi
1116 506 1302 561 supremo
1335 506 1551 560 supplicio,
1579 508 1695 550 liberi
1732 510 1799 550 de-

353 572 601 624 portatione,
630 577 664 612 &
681 570 957 623 publicatione
976 570 1175 609 bonorum
1194 569 1445 610 adficiuntur.

414 650 478 683 25.
512 639 594 676 Lex
619 633 728 689 Julia
746 633 865 673 etiam
886 633 969 674 vim
980 633 1163 688 publicam
1182 639 1216 675 ὃ(
1231 634 1424 688 privatam
1445 645 1691 676 coercet.—-
1704 637 1800 676 Pub-

357 699 429 739 lica
448 700 502 740 est
522 701 580 739 vis
598 698 791 748 atrocior,
821 699 990 739 maxime
1019 708 1182 747 armata,
1211 712 1283 752 per
1302 713 1419 752 quam
1438 699 1624 742 securitas
1642 701 1802 753 publica

354 761 546 802 violatur.
605 765 695 802 Huc
715 766 749 802 ἃ
770 770 903 814 raptus
920 761 1151 815 virginum,
1189 765 1226 802 ὅ(
1244 761 1469 809 viduarum,
1512 776 1583 802 nec
1601 777 1681 802 non
1704 765 1759 802 vis
1778 779 1799 803 a

352 825 524 878 persona
544 824 721 879 publica,
740 824 804 864 vel
821 824 1000 876 personae
1020 825 1190 877 publicae
1205 825 1331 875 illata,
1361 826 1800 867 refertur.—--Privata

355 888 410 928 est
432 890 490 929 vis
510 887 638 927 minus
657 897 787 937 atrox,
817 892 850 928 ἃ
869 884 946 927 fine
965 888 1083 928 armis
1103 888 1317 928 commiffa.

347 996 578 1044 fici-sancitum,
603 1010 637 1035 ut
650 1000 726 1046 quod
736 999 853 1047 semper
871 1001 983 1036 malum
996 998 1120 1045 facinus
1126 999 1237 1047 fuerit,
1267 1003 1331 1044 ejus
1346 1000 1455 1047 questio
1473 1001 1512 1035 ad
1529 1001 1687 1035 Putarem
1701 1004 1797 1045 perti*

354 1056 437 1080 neret
450 1060 488 1081 εκ
505 1057 584 1082 certo
603 1048 968 1093 tempore.--Crimcn
987 1048 1060 1095 falfi
1077 1051 1196 1083 Ronice
1220 1061 1290 1083 crat
1309 1048 1621 1095 frequentiffimurn.
1677 1050 1713 1082 In
1736 1048 1798 1094 iig-

354 1102 487 1128 natoi·es
506 1095 777 1130 testamentorum
796 1094 957 1130 falsorum
976 1097 1121 1138 graviter
1140 1097 1310 1130 invehitur
1331 1095 1482 1143 Juvenal.
1498 1095 1564 1129 Sat.
1580 1097 1604 1128 Ι.
1624 1100 1679 1133 67.

511 1148 513 1151 ’
687 1145 831 1186 Signator
851 1144 1030 1185 FALSO,
1056 1145 1106 1187 qui
1118 1143 1152 1187 fi
1170 1146 1286 1178 lautum
1303 1153 1395 1189 atque
1413 1144 1531 1176 beatum

690 1191 823 1234 Exiguis
840 1191 961 1231 tabulis,
987 1188 1024 1224 ά·
1036 1189 1161 1234 gemmei
1172 1189 1292 1234 fecerat
1309 1188 1381 1224 uda.

354 1236 448 1272 Suet.
477 1237 511 1272 in
539 1239 624 1281 Aug.
643 1246 658 1283 3
666 1239 831 1284 3.—-—-Et
847 1249 914 1271 cum
931 1238 966 1270 de
983 1236 1064 1282 falso
1090 1237 1262 1284 testamento
1285 1245 1435 1284 ageretur,
1461 1235 1617 1282 omnesque
1632 1236 1799 1282 fignatores

353 1285 483 1320 LEGE
510 1288 537 1319 C
544 1287 610 1320 OR
621 1286 775 1320 NELIA
800 1293 996 1324 tenerentur3
1036 1296 1091 1318 non
1109 1294 1227 1319 tantum
1244 1286 1314 1319 duas
1341 1285 1474 1326 tabellas,
1501 1286 1731 1326 damnatoriam,
1759 1285 1798 1319 ὼ·

351 1332 574 1378 abfiilutoriam,
611 1335 684 1367 unul
701 1332 937 1378 cognoscentibus
958 1332 1053 1374 dedit,
1073 1332 1127 1378 sed
1158 1334 1280 1366 tertiam
1299 1344 1422 1378 quoque,
1448 1343 1507 1375 qua
1532 1331 1729 1376 ignosceretur
1745 1334 1797 1375 iis,

351 1391 425 1425 quos
437 1379 549 1425 fraude
565 1381 806 1425 adsignandum,
829 1380 876 1414 vel
895 1390 992 1412 errore
1009 1379 1139 1412 iudanos
1165 1379 1342 1425 constitiffet.
1435 1379 1550 1412 Tacit.
1571 1378 1688 1412 Annal.
1717 1378 1794 1413 Lib.

351 1428 447 1462 XIV.
471 1439 602 1473 4o.—-—
619 1429 772 1462 Domitius
785 1428 900 1461 Balbus
928 1426 995 1459 erat
1011 1428 1181 1468 Pretorius,
1196 1427 1286 1472 fimul
1315 1429 1402 1470 longa
1415 1426 1547 1471 seneffia,
1565 1426 1655 1471 fimul
1671 1427 1798 1460 orbitate

352 1472 390 1508 ὠ·
403 1476 532 1519 pecunia
550 1475 659 1521 insidiis
676 1475 827 1509 obnoxius.
880 1475 921 1507 Ei
934 1475 1113 1519 propinquus
1130 1475 1267 1509 Valerius
1286 1475 1436 1508 Fabianus
1453 1472 1627 1517 capessendis
1647 1475 1799 1509 bonoribus

350 1521 516 1566 destinatus
537 1522 674 1567 subdidit
690 1521 909 1568 tastamentum,
935 1521 1036 1565 ascitis
1053 1521 1135 1555 Vicio
1152 1521 1270 1566 Rufino,
1298 1520 1334 1555 ὠ
1349 1521 1488 1555 Terentio
1501 1521 1631 1553 Lentino
1653 1521 1798 1564 equitibus

351 1569 506 1602 Romanis.
560 1571 612 1602 Illi
626 1571 791 1603 Antonium
809 1569 957 1610 Primum,
985 1566 1023 1601 c'9·
1039 1568 1175 1613 Asinium
1191 1568 1386 1599 Marcellum
1397 1568 1595 1612 sociaverant.
1649 1569 1798 1602 Antonius

351 1616 482 1650 audacia
494 1621 657 1660 promptus,
674 1615 848 1648 Marcellus
861 1615 961 1658 Afinio
976 1614 1108 1646 Pollione
1118 1622 1229 1656 proavo
1248 1615 1359 1653 clarus,
1385 1625 1478 1658 neque
1495 1625 1606 1646 morum
1616 1612 1797 1656 spernendus

350 1662 527 1704 habebatur,
545 1665 596 1696 niz
611 1662 687 1706 quod
696 1669 909 1704 paupertatem
923 1660 1098 1703 precipuum
1112 1662 1257 1693 malorum
1272 1660 1421 1693 credebat.
1473 1660 1566 1704 Igitur
1581 1660 1730 1693 Fabianus
1747 1671 1798 1694 ta-

353 1710 449 1749 bulas,
475 1711 524 1750 iis,
550 1720 623 1753 quos
649 1708 821 1748 memoravi,
846 1703 884 1740 ά*
909 1706 979 1738 aliis
1005 1707 1103 1739 minus
1127 1705 1282 1751 illustribus
1309 1706 1463 1752 obsignat3
1503 1707 1577 1751 quod
1594 1708 1672 1750 apud
1687 1710 1798 1742 Patres

352 1757 525 1798 commum,
550 1754 587 1791 ὠ
605 1756 753 1790 Fabianus
770 1752 978 1799 Antoniusque
994 1764 1062 1787 cum
1080 1754 1184 1800 Rufino
1202 1753 1240 1788 ci·
1252 1755 1391 1788 Terentio
1407 1755 1536 1789 LEGE
1563 1755 1796 1791 CORNELIA

353 1804 548 1838 damnantur.

400 1851 472 1883 Lex
491 1850 583 1896 Julia
600 1850 702 1884 etiarn
719 1851 785 1884 vim
798 1849 972 1894 publicam]
1004 1847 1099 1883 Olim
1114 1847 1157 1883 dc
1171 1851 1201 1884 vi
1222 1862 1286 1884 non
1306 1848 1520 1893 singularibus
1537 1847 1667 1892 legibus
1684 1850 1795 1885 ruffum

353 1895 410 1940 est,
435 1895 491 1930 sed
508 1909 546 1932 ea
565 1909 615 1931 res
640 1896 771 1941 legibus
795 1897 837 1931 de
856 1897 1034 1943 Majestate
1055 1901 1090 1931 &
1111 1898 1246 1931 Sicariis
1264 1896 1505 1943 comprehensa
1521 1895 1669 1933 videtur.
1722 1899 1798 1931 Ρι·ῐ-

352 1956 427 1978 mus
458 1943 521 1978 hoc
540 1945 667 1978 crimen
689 1956 706 1977 a
723 1944 898 1989 Maiestate
924 1948 960 1979 &
980 1943 1186 1978 Homicidio
1210 1944 1376 1986 distinxit,
1403 1956 1440 1978 ac
1464 1944 1527 1978 lata
1552 1943 1704 1987 singulari
1723 1944 1798 1988 lege

352 1989 536 2026 vindicavit
551 1994 588 2026 Ρ.
607 1993 748 2026 Plautius
763 1990 936 2025 Tribunus
950 1991 1059 2025 Plebis
1079 1994 1173 2026 Anno
1191 1992 1279 2026 v.C.
1303 2002 1479 2026 iocrxxv.
1503 1994 1612 2026 Catulo
1629 1991 1662 2025 &
1682 1991 1797 2036 Lepido

353 2037 458 2072 Coss.
490 2049 562 2084 quae
578 2038 632 2072 lex
653 2041 754 2072 etiarn
778 2037 904 2072 Catulo
923 2050 1163 2083 nonnunquam
1187 2037 1361 2081 tribuitur,
1389 2038 1478 2080 ideo,
1506 2038 1596 2084 quod
1615 2040 1641 2072 is
1668 2038 1795 2073 Consul

351 2084 522 2119 Plautium
544 2087 576 2120 in
604 2098 643 2120 ea
669 2084 808 2120 ferenda
827 2084 1008 2131 adjuverat.
1062 2087 1166 2119 Poena
1186 2086 1240 2120 hic
1260 2097 1330 2120 erat
1348 2088 1441 2129 Aqua
1462 2086 1498 2121 (ξφ
1514 2089 1592 2130 igrm
1610 2087 1791 2120 Interdiffio.

352 2133 405 2165 Ex
423 2131 484 2165 hac
504 2132 579 2176 lege
606 2133 741 2179 quaestio
760 2131 873 2167 habita
898 2132 944 2166 est
961 2132 1003 2166 de
1018 2135 1169 2177 Catilina,
1191 2133 1330 2180 ejusque
1348 2134 1590 2180 conjurationis
1608 2134 1728 2176 Sociis,
1753 2133 1798 2168 de

352 2178 388 2212 P.
406 2180 518 2221 Clodio,
545 2182 580 2215 P.
598 2182 701 2214 Sextio
716 2184 752 2215 &
770 2179 856 2213 aliis.

401 2226 517 2260 Postea
533 2231 569 2262 ὅ(
586 2227 764 2272 Pompeius
779 2227 883 2260 tertio
898 2224 1081 2261 Consulatu
1097 2226 1207 2271 legem
1228 2229 1263 2261 de
1281 2229 1318 2262 Vi
1336 2226 1425 2270 tulit,
1454 2239 1525 2273 quae
1544 2236 1657 2261 tamen
1678 2239 1741 2261 non
1761 2229 1797 2261 in

353 2273 541 2308 universum
559 2273 675 2316 valuit,
702 2273 755 2308 sed
775 2283 908 2308 tantum
927 2274 970 2308 dc
983 2273 1072 2309 caede
1089 2275 1123 2308 in
1139 2277 1240 2319 Appia
1257 2278 1305 2310 via
1320 2272 1416 2316 facia,
1439 2278 1474 2309 δε
1490 2274 1650 2308 inccndio
1670 2275 1796 2317 Curiae,

352 2324 388 2356 δε
403 2320 509 2356 domo
521 2322 574 2356 M.
587 2322 697 2366 Lepidi
714 2322 894 2364 interregis
911 2331 1104 2369 oppugnata
1124 2323 1242 2369 quaeri,
1269 2325 1304 2357 &
1321 2320 1545 2368 Qaeiitorcm
1563 2321 1608 2356 ob
1625 2321 1709 2356 hanc
1724 2334 1794 2356 rem

354 2380 479 2413 novum
494 2379 589 2414 extra
607 2367 762 2404 ordinem
777 2370 884 2405 creari
903 2369 1005 2416 justit.

1638 2415 1794 2451 Successit
