2059 2812
628 143 743 196 Lib.
771 142 862 195 IV.
893 210 899 214 Ὦ
937 141 1034 195 Tit.
1062 141 1152 195 IX.
1517 150 1614 199 261

237 264 274 289 2.
303 245 413 302 Qia
446 253 578 283 tamen
607 249 641 285 ὅ(
667 243 804 283 bestias
835 241 1048 282 secundum
1079 251 1260 281 naturam
1290 255 1542 282 communem
1563 245 1619 284 vi-

181 323 290 358 vere,
312 309 430 360 idque
450 305 636 345 faciendo
654 306 734 359 juri
752 315 903 344 naturae
922 303 1145 344 satisfacere
1165 303 1439 343 existimabant
1454 317 1621 356 veteres,

180 373 411 428 pauperiem
431 383 513 412 tum
531 371 691 411 demum
706 369 848 411 faustam
866 370 1023 410 aiebant
1039 367 1325 424 jureconsulti,
1356 366 1381 406 fi
1400 368 1623 424 quadrupes

180 451 261 478 non
282 447 515 490 provocata,
544 435 609 475 sed
630 434 800 487 proprio
820 442 934 472 motu
955 444 1080 473 contra
1098 442 1267 472 naturam
1297 431 1485 472 damnum
1504 433 1622 474 dede-

180 501 249 540 rit.
307 503 368 538 lta
387 500 505 549 enim,
533 496 636 551 quafi
655 494 864 548 deliquiffe
884 495 1096 535 censebant
1112 495 1288 543 bestiam,
1317 508 1398 533 non
1419 507 1567 547 autem,
1595 498 1622 538 fi

179 560 395 601 secundum
416 572 598 599 naturam
617 558 803 597 damnum
825 555 996 605 dederit,
1025 557 1148 596 veluti
1168 557 1347 608 gramina
1362 557 1622 609 depascendo.

238 639 272 672 3.
304 622 343 662 Si
375 636 475 677 ergo
502 622 724 676 quadrupes
744 631 886 661 contra
905 618 1087 668 naturam
1108 621 1265 675 generis
1292 620 1478 661 damnum
1497 622 1625 675 dedit,

180 698 264 725 non
286 686 483 740 instigata,
511 699 582 726 nec
601 694 835 738 provocata,
864 683 982 723 datur
1009 684 1131 724 Actio
1159 684 1304 723 noxalis
1324 683 1368 723 de
1379 687 1557 739 pauperie
1586 691 1624 729 ei

179 751 286 803 cujus
320 750 495 798 interest,
523 749 678 803 ejusque
713 747 862 787 haeredi
894 747 1075 787 adversus
1107 762 1213 795 eum,
1242 749 1310 801 qui
1341 758 1523 801 tempore
1542 752 1626 793 litis

181 816 406 854 contestatae
426 812 690 867 quadrupedis
704 811 889 852 'dominus
907 813 975 860 est,
1005 813 1044 851 in
1066 811 1122 861 id,
1151 823 1195 851 ut
1217 812 1279 852 vel
1308 812 1450 852 fficiam
1479 829 1624 869 paupe-

180 877 281 916 riem
302 877 501 926 resarciat,
531 876 592 917 vel
613 890 724 915 noxae
745 875 865 915 dedat
886 876 1042 917 animal.

233 955 271 989 4.
304 942 371 980 Sin
393 942 600 995 instigante
619 939 701 978 alio
720 939 864 978 animal
891 938 1041 979 fecerat
1062 941 1288 993 pauperiem
1307 956 1314 978 :
1359 949 1499 980 contra
1517 940 1626 983 insti·
1644 986 1651 991 Ν

180 1014 344 1058 gantem
376 1004 543 1044 dabatur
571 1003 692 1043 Aetio
724 1017 769 1041 ex
798 1004 889 1056 Lege
910 1003 1077 1056 Aquilia.
1141 1004 1181 1042 Si
1202 1003 1413 1042 secundum
1441 1014 1623 1046 naturam

180 1079 317 1119 agrum
335 1066 580 1120 depascendo
594 1075 796 1113 nocuerat,
826 1066 1077 1118 competebat
1095 1066 1214 1106 Actio
1234 1066 1273 1104 iu
1294 1065 1440 1106 factum
1460 1067 1503 1106 de
1516 1068 1625 1122 pasta

173 1137 355 1183 pecorum.
405 1132 473 1170 Sin
490 1131 688 1170 Dominus
704 1128 919 1169 immiserat
936 1130 1111 1178 bestiam,
1132 1131 1280 1170 adfioni
1299 1144 1346 1169 ex
1362 1131 1449 1184 lege
1463 1133 1627 1184 Aquilia

183 1192 295 1233 locus
315 1205 415 1243 erat,
434 1195 525 1246 quia
538 1193 579 1233 id
599 1206 753 1246 quoque
770 1192 924 1246 injuria,
955 1192 994 1231 id
1013 1195 1082 1241 est,
1110 1192 1295 1232 damnum
1314 1192 1457 1246 injuria
1473 1194 1623 1237 datum.

242 1271 280 1304 5.
311 1259 495 1311 Denique
525 1257 595 1310 qui
624 1269 796 1306 verrem,
825 1269 979 1308 aprum,
1008 1270 1145 1297 canem
1173 1256 1283 1309 juxta
1302 1256 1421 1305 viam,
1448 1257 1518 1296 ubi
1547 1261 1626 1298 iter

183 1319 227 1361 fit
246 1319 381 1370 habet,
410 1322 440 1361 is
459 1321 511 1369 ei,
542 1321 612 1373 qui
640 1319 824 1359 damnum
845 1320 1072 1360 aestimabile
1094 1319 1186 1359 inde
1213 1318 1338 1368 sensit,
1369 1319 1409 1360 in
1437 1319 1624 1375 duplum;

184 1386 348 1435 ——vel,
375 1386 401 1426 fi
420 1386 523 1426 liber
543 1384 666 1424 homo
699 1382 864 1432 occisuS,
895 1385 934 1424 in
953 1385 1145 1425 ducentos
1163 1383 1311 1424 solidos
1326 1405 1403 1436 3—
1420 1383 1478 1424 fin
1494 1385 1625 1427 eidem

185 1447 380 1498 nocitum,
412 1450 453 1488 in
478 1446 535 1497 id,
565 1446 674 1500 quod
693 1445 915 1487 arbitratur
935 1446 1077 1503 JudeX,
1107 1457 1266 1489 tenetur
1285 1460 1332 1486 ex
1345 1445 1492 1487 Edicto
1520 1447 1627 1489 AEdi-

184 1511 292 1552 litio.

236 1619 326 1664 Qia
344 1619 378 1655 id
399 1633 535 1668 quoque
552 1623 703 1668 injuria]
738 1624 814 1670 Juv.
830 1622 899 1657 Sat.
916 1623 1013 1659 XIV.
1031 1635 1060 1657 v.
1081 1634 1157 1669 145.

517 1676 660 1724 Qrum
673 1677 698 1720 fi
708 1679 804 1721 pretio
826 1678 976 1711 Dominus
993 1690 1047 1710 non
1066 1679 1197 1713 vincitur
1215 1679 1283 1719 ullo,

522 1725 614 1757 Nocte
631 1725 715 1758 boves
733 1726 842 1767 macri,
865 1723 991 1769 lassoque
1006 1723 1155 1768 famelica
1175 1726 1242 1758 collo

522 1773 672 1804 Armenta
688 1771 727 1804 ad
745 1771 853 1805 virides
872 1772 956 1812 hujus
975 1773 1135 1805 mittuntur
1151 1771 1277 1816 arista53

521 1819 584 1852 Nec
597 1821 680 1862 prius
697 1818 766 1851 inde
783 1819 910 1859 domum,
937 1830 1029 1862 quam
1045 1827 1108 1851 tota
1127 1820 1244 1853 novalia
1254 1817 1342 1862 steros

521 1867 557 1899 In
577 1875 695 1900 ventres
713 1866 834 1907 abeant,
862 1875 895 1897 ut
914 1866 1017 1898 credas
1032 1865 1166 1908 falcibus
1184 1869 1294 1899 adium.

519 1913 631 1946 Dicere
650 1914 700 1946 vix
712 1910 809 1956 postis,
836 1924 927 1955 quam
945 1913 1032 1945 multi
1051 1914 1126 1946 talia
1143 1915 1267 1956 plorent.

524 1961 570 1994 Et
590 1969 660 2004 quot
682 1961 803 1994 venales
820 1959 1035 1994 INIVRIA
1055 1959 1169 2003 fecerit
1188 1971 1286 2004 agros.

293 2059 452 2126 JUS
500 2058 1168 2112 ANGLJCANUM.
1210 2061 1269 2112 ad
1296 2060 1397 2111 Tit.
1428 2060 1518 2110 IX.

237 2161 288 2193 De
306 2159 413 2193 brutis
443 2158 654 2202 animalibus,
677 2163 713 2194 &
737 2159 835 2195 rebus
861 2160 961 2193 etiam
985 2160 1186 2202 inanimatis,
1213 2172 1355 2206 quarum
1375 2157 1526 2192 violenta
1553 2170 1627 2191 mo-

189 2208 284 2241 tione
303 2206 404 2240 homo
421 2205 597 2253 quisquam
623 2205 804 2249 occiditur,
831 2206 992 2254 quiddam
1011 2206 1138 2241 noxalis
1156 2205 1297 2241 aetionis
1316 2205 1422 2240 simile
1450 2204 1622 2240 habemus.

189 2255 221 2288 Si
240 2265 346 2300 equus
362 2255 450 2287 enirn
468 2253 670 2297 calcitrosus,
695 2253 745 2288 vel
761 2255 894 2289 Taurus
912 2253 1074 2296 ferocior,
1098 2254 1147 2288 vel
1167 2253 1314 2299 denique
1344 2251 1522 2300 plaustrum
1541 2263 1559 2284 a
1572 2251 1628 2298 ju·-

191 2301 313 2336 mentis
346 2301 486 2334 tractum
517 2302 688 2337 hominem
719 2301 909 2336 occiderit:
947 2302 1011 2335 hoc
1041 2300 1210 2347 quicquid
1236 2302 1293 2342 est,
1318 2298 1393 2346 (nifi
1424 2297 1466 2332 ad
1495 2300 1626 2342 Regem

191 2345 334 2395 spectet)
361 2346 451 2395 quasi
470 2346 595 2384 sacrum
623 2349 675 2393 fit,
699 2352 736 2384 &
755 2347 869 2385 nescio
885 2361 926 2383 an
945 2347 1188 2387 consuetudine
1205 2348 1311 2384 veteri
1329 2343 1482 2381 comburi
1512 2344 1627 2387 soleat,

1568 2390 1626 2428 sed
