2059 2812
613 138 728 193 Lib.
766 140 856 192 IIL
930 138 1026 193 Tit.
1065 137 1207 193 XIII.
1524 139 1588 189 16
1594 153 1616 189 t

191 239 510 296 prohibitionem
543 239 581 280 se
617 241 784 294 jungens
809 239 925 281 servo
954 238 1131 288 alterius,
1168 236 1274 277 illius
1303 233 1474 276 Domini
1509 235 1620 276 serva

192 306 325 356 fiebat,
352 310 387 346 δε
408 303 458 344 ad
482 317 571 344 eum
592 318 728 344 omnes
745 303 927 343 fortunas
946 302 1028 342 suas
1059 301 1333 342 transferebat.
1397 297 1472 338 Sed
1495 297 1537 337 id
1560 300 1619 353 jus

193 368 440 419 antiquatum
458 366 526 407 est.
583 369 687 408 Nam
709 365 852 406 mulier
875 364 1023 403 retinet
1047 363 1298 403 libertatem:
1336 361 1468 402 servus
1487 371 1617 400 autem

192 429 422 470 verberibus
441 430 664 483 castigatur,
691 435 726 470 ὃς
745 427 973 468 dissolvitur
995 427 1240 480 conjunctio.

246 505 284 540 4.
317 492 424 533 Talis
444 503 528 531 erat
548 490 734 532 Succeffio
746 500 855 530 vetus
875 503 962 532 cum
978 489 1119 538 civilis,
1147 499 1231 529 tum
1249 489 1451 542 praetoria.
1505 487 1620 529 Tales

195 554 305 594 modi
337 555 571 608 acquirendi
592 567 665 607 per
690 553 1013 601 Univerfitatem,
1042 555 1110 606 qui
1146 552 1267 593 hodie
1296 554 1362 593 vix
1388 552 1504 591 ullius
1532 551 1620 590 usus

190 618 295 658 sunt.
355 619 459 659 Hinc
483 618 532 658 ad
562 619 723 658 utiliora
746 618 1048 671 properantibus
1073 617 1150 670 jam
1176 616 1296 669 paulo
1324 616 1476 668 plenius
1503 627 1620 668 agen-

191 680 286 720 dum
313 683 392 721 erit
412 682 527 722 nobis
550 681 598 721 de
618 681 853 720 Succeffione
878 682 926 720 ab
947 681 1137 721 Intestato
1157 693 1259 720 nova
1281 693 1303 718 a
1317 678 1540 734 Justiniano
1559 677 1618 716 in-

192 752 308 783 venta
334 749 368 785 &
386 743 531 783 fimcita
546 740 720 786 Novella
739 742 933 783 CXVIII.

192 850 272 899 De
291 850 578 916 Succeſjione
601 850 663 899 ab
687 848 918 916 Intestato
939 848 1205 917 fhcundum
1227 848 1352 899 Nov.
1369 846 1614 899 CXVIII.

245 947 408 988 Varium
428 955 462 990 ὃ(
478 948 709 1000 perplexum
729 949 801 989 hac
820 948 869 987 de
891 960 933 987 re
952 947 1050 986 olim
1068 948 1129 1001 jus
1147 946 1251 999 fuit;
1282 957 1322 986 at
1340 947 1424 1000 jure
1445 943 1617 986 Novella-

189 1020 270 1046 rum
291 1009 513 1048 constitutae
532 1007 621 1046 sunt
640 1018 719 1047 tres
739 1009 899 1048 ordines
925 1008 1170 1049 Succeffionis
1193 1008 1242 1047 ab
1269 1008 1473 1055 Inte-stato,
1500 1007 1616 1046 nimi-

190 1078 276 1107 rum
291 1068 640 1117 Descendentium,
660 1068 1008 1116 Adscendentium,
1025 1076 1058 1110 6<
1069 1068 1387 1110 Collateralium.
1429 1068 1503 1109 His
1517 1079 1616 1108 vero

189 1127 463 1170 deficientibus
486 1130 696 1183 Conjuges,
725 1137 760 1172 ὅῑ
781 1132 978 1183 postremo
992 1129 1128 1170 Fiscus
1148 1130 1427 1170 admittuntur.

467 1237 548 1286 De
587 1238 875 1304 Succffone
909 1236 1336 1304 Descendentium.

248 1350 281 1374 1.
313 1336 418 1374 Ante
451 1346 585 1373 omnes
611 1334 825 1375 succedunt
856 1335 1130 1388 Descendentes‚
1158 1335 1225 1387 qui
1255 1335 1320 1375 vel
1349 1333 1508 1388 legitime*
1534 1334 1616 1373 nati

188 1394 290 1443 sunt,
317 1395 381 1434 vel
402 1395 633 1448 Legitimati‚
663 1395 726 1435 vel
746 1396 938 1449 Adoptivi,
968 1396 1030 1435 vel
1051 1395 1254 1449 Illegitz‘mi.

244 1470 280 1496 2.
312 1457 364 1493 Et
385 1455 583 1508 Legitimos
612 1455 772 1507 quidem
806 1468 941 1495 omncs
967 1454 1043 1495 five
1076 1455 1280 1504 masculos,
1306 1454 1383 1495 five
1414 1453 1616 1506 foeminas,

187 1515 262 1558 five
279 1519 384 1565 Suos,
412 1515 488 1555 five
506 1515 793 1567 Emancipat05‚
822 1522 904 1558 Lex
938 1515 986 1555 ad
1015 1515 1188 1556 debitam
1215 1516 1492 1556 Succeffionem
1517 1531 1617 1569 quo-

188 1578 336 1618 rumvis
362 1576 681 1617 adscendentium
698 1588 829 1626 vocat,
857 1587 1136 1630 quotocunque
1155 1575 1279 1630 gradu
1303 1575 1407 1623 sunt,
1434 1575 1530 1616 dum
1549 1591 1616 1617 eos

188 1654 304 1680 nemo
323 1637 539 1678 antecedat.

247 1715 282 1748 3.
312 1699 505 1754 Qamvis
524 1710 622 1737 vero
640 1706 923 1749 quotocunque
951 1698 1077 1752 gradu
1102 1697 1192 1747 lint,
1219 1696 1444 1747 succedant,
1472 1698 1617 1751 gradus

188 1770 318 1800 tamen
341 1758 549 1798 discrimen
569 1757 703 1796 statuit
726 1757 882 1796 ratione
901 1759 1146 1810 portionum.
1203 1758 1325 1797 Primi
1348 1759 1451 1798 enim
1470 1759 1617 1812 gradus

187 1820 306 1860 liberi
324 1819 535 1859 succedunt
560 1831 607 1859 IN
640 1830 820 1869 CAPITA5
853 1819 1091 1860 ulteriorum
1123 1834 1170 1863 IN
1200 1832 1363 1860 STIRPES
1384 1820 1472 1874 jure
1490 1829 1616 1875 repra*-

177 1882 416 1936 sentationis.

302 1989 463 2055 JUS
496 1987 744 2040 ANGL
763 1987 1135 2042 JCANUM.
1167 1991 1227 2043 ad
1247 1992 1344 2041 Tit.
1361 1991 1504 2042 XIII.

236 2090 313 2121 Hoc
330 2084 527 2134 adquirendi
543 2099 645 2132 genus
659 2101 718 2122 nos
734 2101 800 2123 non
814 2088 987 2132 habemus,
1005 2089 1112 2125 simile
1126 2100 1235 2126 tamen
1250 2088 1392 2136 aliquid.
1443 2093 1612 2126 Decoe‘co-

189 2146 263 2168 rum
290 2136 391 2177 enim,
417 2137 477 2182 qui
497 2136 566 2182 post
589 2134 700 2169 exesas
716 2134 866 2170 fortunas
894 2136 925 2170 se
951 2136 1090 2180 abdunt,
1116 2149 1185 2184 quo
1213 2138 1322 2172 minus
1347 2149 1366 2171 a
1391 2136 1614 2172 creditoribus

189 2181 358 2215 conveniri
376 2182 506 2227 poffint‚
532 2191 600 2215 tam
624 2180 739 2223 feuda,
762 2194 865 2228 quam
882 2182 946 2218 alia
963 2183 1062 2228 bona,
1088 2184 1282 2232 ubicunque
1301 2185 1439 2229 reperiri
1470 2185 1612 2230 possunt,

191 2227 232 2261 ad
252 2226 458 2261 creditorum
483 2228 615 2263 suorum
632 2228 892 2265 satisfa&ionem
907 2230 1043 2266 distrahi
1071 2230 1200 2279 possunt
1216 2243 1273 2279 per
1289 2232 1374 2266 viros
1391 2230 1614 2273 honorificos,

191 2285 272 2320 quos
287 2273 540 2310 constitutiones
556 2274 598 2309 ad
614 2275 677 2310 hoc
694 2276 793 2311 editae
811 2278 996 2313 nominant.

950 2350 992 2391 X
1506 2357 1544 2392 4.
1574 2342 1614 2382 Si
