<?xml version="1.0" encoding="UTF-8"?>
<!DOCTYPE html PUBLIC "-//W3C//DTD XHTML 1.0 Transitional//EN"
    "http://www.w3.org/TR/xhtml1/DTD/xhtml1-transitional.dtd">
<html xmlns="http://www.w3.org/1999/xhtml" xml:lang="en" lang="en">
 <head>
  <title>
</title>
<meta http-equiv="Content-Type" content="text/html;charset=utf-8" />
  <meta name='ocr-system' content='tesseract 3.04.00' />
  <meta name='ocr-capabilities' content='ocr_page ocr_carea ocr_par ocr_line ocrx_word'/>
</head>
<body>
  <div class='ocr_page' id='page_1' title='image "./jurisprudentiaph00eden_0265.png"; bbox 0 0 2059 2812; ppageno 0'>
   <div class='ocr_carea' id='block_1_1' title="bbox 629 96 1623 208">
    <p class='ocr_par' dir='ltr' id='par_1_1' title="bbox 629 96 1623 208">
     <span class='ocr_line' id='line_1_1' title="bbox 629 96 1623 208; baseline 0 -17"><span class='ocrx_word' id='word_1_1' title='bbox 629 139 745 191; x_wconf 83' lang='lat' dir='ltr'>Lib.</span> <span class='ocrx_word' id='word_1_2' title='bbox 777 136 870 189; x_wconf 87' lang='lat' dir='ltr'>IV.</span> <span class='ocrx_word' id='word_1_3' title='bbox 943 137 1041 190; x_wconf 81' lang='lat' dir='ltr'>Tit.</span> <span class='ocrx_word' id='word_1_4' title='bbox 1084 135 1173 189; x_wconf 88' lang='lat' dir='ltr'>VJ.</span> <span class='ocrx_word' id='word_1_5' title='bbox 1489 96 1493 97; x_wconf 14' lang='lat'><em>⁷</em></span> <span class='ocrx_word' id='word_1_6' title='bbox 1525 157 1623 208; x_wconf 87' lang='lat'>239</span> 
     </span>
    </p>
   </div>
   <div class='ocr_carea' id='block_1_2' title="bbox 178 235 1633 2362">
    <p class='ocr_par' dir='ltr' id='par_1_2' title="bbox 183 235 1629 1039">
     <span class='ocr_line' id='line_1_2' title="bbox 235 235 1624 283; baseline -0.006 -3"><span class='ocrx_word' id='word_1_7' title='bbox 235 244 313 280; x_wconf 80' lang='lat' dir='ltr'>Post</span> <span class='ocrx_word' id='word_1_8' title='bbox 328 239 506 277; x_wconf 84' lang='lat' dir='ltr'>meridiem</span> <span class='ocrx_word' id='word_1_9' title='bbox 521 247 597 273; x_wconf 83' lang='lat' dir='ltr'>ante</span> <span class='ocrx_word' id='word_1_10' title='bbox 613 235 691 272; x_wconf 91' lang='lat' dir='ltr'>solis</span> <span class='ocrx_word' id='word_1_11' title='bbox 707 237 862 274; x_wconf 86' lang='lat' dir='ltr'>occasum</span> <span class='ocrx_word' id='word_1_12' title='bbox 881 237 922 272; x_wconf 82' lang='lat' dir='ltr'>ad</span> <span class='ocrx_word' id='word_1_13' title='bbox 937 237 1122 283; x_wconf 79' lang='lat' dir='ltr'><em>sententiam</em></span> <span class='ocrx_word' id='word_1_14' title='bbox 1142 236 1298 272; x_wconf 78' lang='lat' dir='ltr'><em>dicendam</em></span> <span class='ocrx_word' id='word_1_15' title='bbox 1323 246 1463 272; x_wconf 87' lang='lat' dir='ltr'>ventum</span> <span class='ocrx_word' id='word_1_16' title='bbox 1482 237 1540 280; x_wconf 89' lang='lat' dir='ltr'>est,</span> <span class='ocrx_word' id='word_1_17' title='bbox 1564 236 1624 272; x_wconf 71' lang='lat' dir='ltr'>nii}</span> 
     </span>
     <span class='ocr_line' id='line_1_3' title="bbox 191 283 1625 340; baseline -0.006 -12"><span class='ocrx_word' id='word_1_18' title='bbox 191 291 302 340; x_wconf 68' lang='lat' dir='ltr'>Iudex</span> <span class='ocrx_word' id='word_1_19' title='bbox 317 287 449 325; x_wconf 84' lang='lat' dir='ltr'>causam</span> <span class='ocrx_word' id='word_1_20' title='bbox 469 300 536 321; x_wconf 86' lang='lat' dir='ltr'>non</span> <span class='ocrx_word' id='word_1_21' title='bbox 552 284 771 321; x_wconf 77' lang='lat' dir='ltr'>intellexisset</span> <span class='ocrx_word' id='word_1_22' title='bbox 785 302 795 327; x_wconf 90' lang='lat'>;</span> <span class='ocrx_word' id='word_1_23' title='bbox 822 296 893 320; x_wconf 89' lang='lat' dir='ltr'>tum</span> <span class='ocrx_word' id='word_1_24' title='bbox 909 287 997 319; x_wconf 87' lang='lat' dir='ltr'>enim</span> <span class='ocrx_word' id='word_1_25' title='bbox 1012 285 1143 332; x_wconf 84' lang='lat' dir='ltr'>jurabat</span> <span class='ocrx_word' id='word_1_26' title='bbox 1158 283 1217 318; x_wconf 85' lang='lat' dir='ltr'>fibi</span> <span class='ocrx_word' id='word_1_27' title='bbox 1236 296 1291 319; x_wconf 87' lang='lat' dir='ltr'>non</span> <span class='ocrx_word' id='word_1_28' title='bbox 1307 286 1431 329; x_wconf 66' lang='lat' dir='ltr'>liquere,</span> <span class='ocrx_word' id='word_1_29' title='bbox 1458 293 1562 331; x_wconf 84' lang='lat' dir='ltr'>atque</span> <span class='ocrx_word' id='word_1_30' title='bbox 1578 288 1625 320; x_wconf 76' lang='lat' dir='ltr'>ita</span> 
     </span>
     <span class='ocr_line' id='line_1_4' title="bbox 184 330 1625 388; baseline -0.006 -14"><span class='ocrx_word' id='word_1_31' title='bbox 184 340 340 388; x_wconf 88' lang='lat' dir='ltr'>judicatu</span> <span class='ocrx_word' id='word_1_32' title='bbox 358 335 418 370; x_wconf 86' lang='lat' dir='ltr'>illo</span> <span class='ocrx_word' id='word_1_33' title='bbox 437 333 645 374; x_wconf 85' lang='lat' dir='ltr'>solvebatur;</span> <span class='ocrx_word' id='word_1_34' title='bbox 681 338 717 369; x_wconf 94' lang='lat'>&amp;</span> <span class='ocrx_word' id='word_1_35' title='bbox 743 334 820 367; x_wconf 88' lang='lat' dir='ltr'>hinc</span> <span class='ocrx_word' id='word_1_36' title='bbox 839 333 959 380; x_wconf 83' lang='lat' dir='ltr'>postea,</span> <span class='ocrx_word' id='word_1_37' title='bbox 986 345 1026 365; x_wconf 86' lang='lat' dir='ltr'>ne</span> <span class='ocrx_word' id='word_1_38' title='bbox 1058 342 1184 365; x_wconf 87' lang='lat' dir='ltr'>temere</span> <span class='ocrx_word' id='word_1_39' title='bbox 1212 330 1415 377; x_wconf 79' lang='lat' dir='ltr'>judicarent,</span> <span class='ocrx_word' id='word_1_40' title='bbox 1440 331 1625 378; x_wconf 83' lang='lat' dir='ltr'>aliquando</span> 
     </span>
     <span class='ocr_line' id='line_1_5' title="bbox 189 379 1628 433; baseline -0.006 -11"><span class='ocrx_word' id='word_1_41' title='bbox 189 381 590 433; x_wconf 84' lang='lat' dir='ltr'>Imperatorisjudicium</span> <span class='ocrx_word' id='word_1_42' title='bbox 603 380 833 425; x_wconf 70' lang='lat' dir='ltr'>efflagitabant.</span> <span class='ocrx_word' id='word_1_43' title='bbox 886 380 951 414; x_wconf 93' lang='lat' dir='ltr'>Vel</span> <span class='ocrx_word' id='word_1_44' title='bbox 966 381 1068 413; x_wconf 88' lang='lat' dir='ltr'>eriam</span> <span class='ocrx_word' id='word_1_45' title='bbox 1085 380 1253 423; x_wconf 75' lang='lat' dir='ltr'><em>ampliabat</em></span> <span class='ocrx_word' id='word_1_46' title='bbox 1267 379 1379 425; x_wconf 86' lang='lat' dir='ltr'>Judex</span> <span class='ocrx_word' id='word_1_47' title='bbox 1402 379 1534 424; x_wconf 80' lang='lat' dir='ltr'>causam,</span> <span class='ocrx_word' id='word_1_48' title='bbox 1562 379 1628 414; x_wconf 90' lang='lat' dir='ltr'>hoc</span> 
     </span>
     <span class='ocr_line' id='line_1_6' title="bbox 185 424 1627 477; baseline -0.005 -9"><span class='ocrx_word' id='word_1_49' title='bbox 185 433 230 468; x_wconf 86' lang='lat' dir='ltr'>est</span> <span class='ocrx_word' id='word_1_50' title='bbox 245 432 399 476; x_wconf 65' lang='lat' dir='ltr'>dffrebat</span> <span class='ocrx_word' id='word_1_51' title='bbox 415 428 584 477; x_wconf 52' lang='lat' dir='ltr'>(aracaeum</span> <span class='ocrx_word' id='word_1_52' title='bbox 600 427 720 462; x_wconf 85' lang='lat' dir='ltr'>dicunt</span> <span class='ocrx_word' id='word_1_53' title='bbox 734 425 860 472; x_wconf 82' lang='lat' dir='ltr'>Graeci)</span> <span class='ocrx_word' id='word_1_54' title='bbox 885 425 977 472; x_wconf 88' lang='lat' dir='ltr'>quod</span> <span class='ocrx_word' id='word_1_55' title='bbox 995 436 1104 460; x_wconf 81' lang='lat' dir='ltr'>tamen</span> <span class='ocrx_word' id='word_1_56' title='bbox 1123 424 1264 472; x_wconf 84' lang='lat' dir='ltr'>publicis</span> <span class='ocrx_word' id='word_1_57' title='bbox 1275 425 1414 472; x_wconf 90' lang='lat' dir='ltr'>judiciis</span> <span class='ocrx_word' id='word_1_58' title='bbox 1434 427 1540 470; x_wconf 85' lang='lat' dir='ltr'>magis</span> <span class='ocrx_word' id='word_1_59' title='bbox 1562 427 1627 461; x_wconf 86' lang='lat' dir='ltr'>ufi-</span> 
     </span>
     <span class='ocr_line' id='line_1_7' title="bbox 186 472 1626 521; baseline -0.003 -7"><span class='ocrx_word' id='word_1_60' title='bbox 186 490 295 515; x_wconf 86' lang='lat' dir='ltr'>tatum</span> <span class='ocrx_word' id='word_1_61' title='bbox 314 477 412 512; x_wconf 80' lang='lat' dir='ltr'>fuifle</span> <span class='ocrx_word' id='word_1_62' title='bbox 429 476 574 512; x_wconf 90' lang='lat' dir='ltr'>videtur.</span> <span class='ocrx_word' id='word_1_63' title='bbox 627 473 902 509; x_wconf 83' lang='lat' dir='ltr'>Pronunciabant</span> <span class='ocrx_word' id='word_1_64' title='bbox 921 483 1033 507; x_wconf 78' lang='lat' dir='ltr'>autem</span> <span class='ocrx_word' id='word_1_65' title='bbox 1053 472 1253 518; x_wconf 83' lang='lat' dir='ltr'>plerumque</span> <span class='ocrx_word' id='word_1_66' title='bbox 1274 472 1415 521; x_wconf 84' lang='lat' dir='ltr'>Judiees</span> <span class='ocrx_word' id='word_1_67' title='bbox 1442 475 1537 508; x_wconf 76' lang='lat' dir='ltr'>videri</span> <span class='ocrx_word' id='word_1_68' title='bbox 1564 473 1626 509; x_wconf 86' lang='lat' dir='ltr'>fibi</span> 
     </span>
     <span class='ocr_line' id='line_1_8' title="bbox 184 519 1628 572; baseline -0.005 -10"><span class='ocrx_word' id='word_1_69' title='bbox 184 539 255 562; x_wconf 89' lang='lat' dir='ltr'>rem</span> <span class='ocrx_word' id='word_1_70' title='bbox 269 526 418 572; x_wconf 83' lang='lat' dir='ltr'>aliquam</span> <span class='ocrx_word' id='word_1_71' title='bbox 445 525 492 558; x_wconf 85' lang='lat' dir='ltr'>ita</span> <span class='ocrx_word' id='word_1_72' title='bbox 506 523 570 568; x_wconf 78' lang='lat' dir='ltr'>effe,</span> <span class='ocrx_word' id='word_1_73' title='bbox 596 521 649 556; x_wconf 86' lang='lat' dir='ltr'>vel</span> <span class='ocrx_word' id='word_1_74' title='bbox 667 520 800 566; x_wconf 83' lang='lat' dir='ltr'>noneffe,</span> <span class='ocrx_word' id='word_1_75' title='bbox 827 519 955 554; x_wconf 80' lang='lat' dir='ltr'>etiamfi</span> <span class='ocrx_word' id='word_1_76' title='bbox 980 519 1158 554; x_wconf 75' lang='lat' dir='ltr'>certiffime</span> <span class='ocrx_word' id='word_1_77' title='bbox 1177 531 1246 554; x_wconf 87' lang='lat' dir='ltr'>tem</span> <span class='ocrx_word' id='word_1_78' title='bbox 1274 519 1516 564; x_wconf 71' lang='lat' dir='ltr'>cognovissent,</span> <span class='ocrx_word' id='word_1_79' title='bbox 1542 521 1628 555; x_wconf 81' lang='lat' dir='ltr'>alio-</span> 
     </span>
     <span class='ocr_line' id='line_1_9' title="bbox 186 564 1629 621; baseline -0.004 -13"><span class='ocrx_word' id='word_1_80' title='bbox 186 576 270 621; x_wconf 82' lang='lat' dir='ltr'>quin</span> <span class='ocrx_word' id='word_1_81' title='bbox 299 573 445 607; x_wconf 84' lang='lat' dir='ltr'>alterum</span> <span class='ocrx_word' id='word_1_82' title='bbox 470 571 683 614; x_wconf 81' lang='lat' dir='ltr'>litigatorum</span> <span class='ocrx_word' id='word_1_83' title='bbox 711 567 991 610; x_wconf 79' lang='lat' dir='ltr'>condemnabant,</span> <span class='ocrx_word' id='word_1_84' title='bbox 1027 566 1169 602; x_wconf 87' lang='lat' dir='ltr'>alterum</span> <span class='ocrx_word' id='word_1_85' title='bbox 1197 564 1629 603; x_wconf 58' lang='lat' dir='ltr'>absolvebant—Arbitri</span> 
     </span>
     <span class='ocr_line' id='line_1_10' title="bbox 185 613 1626 669; baseline -0.004 -13"><span class='ocrx_word' id='word_1_86' title='bbox 185 634 266 656; x_wconf 88' lang='lat' dir='ltr'>vero</span> <span class='ocrx_word' id='word_1_87' title='bbox 281 622 424 669; x_wconf 80' lang='lat' dir='ltr'>primurn</span> <span class='ocrx_word' id='word_1_88' title='bbox 443 618 600 653; x_wconf 78' lang='lat' dir='ltr'>arbitrium</span> <span class='ocrx_word' id='word_1_89' title='bbox 618 615 901 663; x_wconf 73' lang='lat' dir='ltr'>pronunciabant,</span> <span class='ocrx_word' id='word_1_90' title='bbox 918 613 1042 649; x_wconf 86' lang='lat' dir='ltr'>deinde</span> <span class='ocrx_word' id='word_1_91' title='bbox 1056 615 1089 648; x_wconf 92' lang='lat' dir='ltr'>ni</span> <span class='ocrx_word' id='word_1_92' title='bbox 1108 626 1181 649; x_wconf 89' lang='lat' dir='ltr'>reus</span> <span class='ocrx_word' id='word_1_93' title='bbox 1197 613 1339 648; x_wconf 88' lang='lat' dir='ltr'>arbitrio</span> <span class='ocrx_word' id='word_1_94' title='bbox 1355 613 1522 661; x_wconf 74' lang='lat' dir='ltr'>paruisset,</span> <span class='ocrx_word' id='word_1_95' title='bbox 1547 626 1626 650; x_wconf 87' lang='lat' dir='ltr'>eum</span> 
     </span>
     <span class='ocr_line' id='line_1_11' title="bbox 186 660 1626 710; baseline -0.003 -8"><span class='ocrx_word' id='word_1_96' title='bbox 186 666 480 706; x_wconf 73' lang='lat' dir='ltr'>condemnabant,</span> <span class='ocrx_word' id='word_1_97' title='bbox 506 668 543 700; x_wconf 88' lang='lat'>&amp;</span> <span class='ocrx_word' id='word_1_98' title='bbox 559 662 698 710; x_wconf 87' lang='lat' dir='ltr'>quidem</span> <span class='ocrx_word' id='word_1_99' title='bbox 716 662 738 697; x_wconf 81' lang='lat' dir='ltr'>fi</span> <span class='ocrx_word' id='word_1_100' title='bbox 758 662 857 697; x_wconf 90' lang='lat' dir='ltr'>dolus</span> <span class='ocrx_word' id='word_1_101' title='bbox 875 664 923 696; x_wconf 86' lang='lat' dir='ltr'>rei</span> <span class='ocrx_word' id='word_1_102' title='bbox 947 660 1159 696; x_wconf 76' lang='lat' dir='ltr'>intervenisse</span> <span class='ocrx_word' id='word_1_103' title='bbox 1177 661 1388 708; x_wconf 77' lang='lat' dir='ltr'>probaretur,</span> <span class='ocrx_word' id='word_1_104' title='bbox 1414 663 1447 696; x_wconf 86' lang='lat' dir='ltr'>in</span> <span class='ocrx_word' id='word_1_105' title='bbox 1463 671 1626 708; x_wconf 83' lang='lat' dir='ltr'>quantum</span> 
     </span>
     <span class='ocr_line' id='line_1_12' title="bbox 185 708 1629 760; baseline -0.004 -10"><span class='ocrx_word' id='word_1_106' title='bbox 185 711 633 760; x_wconf 66' lang='lat' dir='ltr'>A&amp;orju1·ejurando&#39;litem</span> <span class='ocrx_word' id='word_1_107' title='bbox 653 708 858 750; x_wconf 84' lang='lat' dir='ltr'>aestimasset;</span> <span class='ocrx_word' id='word_1_108' title='bbox 893 709 976 744; x_wconf 89' lang='lat' dir='ltr'>licet</span> <span class='ocrx_word' id='word_1_109' title='bbox 1007 710 1109 743; x_wconf 83' lang='lat' dir='ltr'>etiam</span> <span class='ocrx_word' id='word_1_110' title='bbox 1138 709 1343 755; x_wconf 87' lang='lat' dir='ltr'>quandoque</span> <span class='ocrx_word' id='word_1_111' title='bbox 1370 708 1483 743; x_wconf 89' lang='lat' dir='ltr'>officio</span> <span class='ocrx_word' id='word_1_112' title='bbox 1497 709 1629 758; x_wconf 89' lang='lat' dir='ltr'>Judicis</span> 
     </span>
     <span class='ocr_line' id='line_1_13' title="bbox 183 755 1627 811; baseline -0.005 -13"><span class='ocrx_word' id='word_1_113' title='bbox 183 760 419 811; x_wconf 76' lang='lat' dir='ltr'>jusjurandum</span> <span class='ocrx_word' id='word_1_114' title='bbox 438 760 613 794; x_wconf 80' lang='lat' dir='ltr'>taxatione</span> <span class='ocrx_word' id='word_1_115' title='bbox 631 756 875 792; x_wconf 84' lang='lat' dir='ltr'>refraenaretur.</span> <span class='ocrx_word' id='word_1_116' title='bbox 928 759 972 790; x_wconf 84' lang='lat' dir='ltr'>Et</span> <span class='ocrx_word' id='word_1_117' title='bbox 988 757 1023 790; x_wconf 88' lang='lat' dir='ltr'>in</span> <span class='ocrx_word' id='word_1_118' title='bbox 1039 756 1171 790; x_wconf 75' lang='lat' dir='ltr'>arbitriis</span> <span class='ocrx_word' id='word_1_119' title='bbox 1198 755 1338 802; x_wconf 88' lang='lat' dir='ltr'>quidem</span> <span class='ocrx_word' id='word_1_120' title='bbox 1357 755 1469 803; x_wconf 87' lang='lat' dir='ltr'>Judex</span> <span class='ocrx_word' id='word_1_121' title='bbox 1487 756 1627 791; x_wconf 84' lang='lat' dir='ltr'>liberior</span> 
     </span>
     <span class='ocr_line' id='line_1_14' title="bbox 186 802 1627 855; baseline -0.004 -11"><span class='ocrx_word' id='word_1_122' title='bbox 186 820 272 853; x_wconf 89' lang='lat' dir='ltr'>erat,</span> <span class='ocrx_word' id='word_1_123' title='bbox 299 820 401 855; x_wconf 87' lang='lat' dir='ltr'>quam</span> <span class='ocrx_word' id='word_1_124' title='bbox 420 808 452 840; x_wconf 88' lang='lat' dir='ltr'>in</span> <span class='ocrx_word' id='word_1_125' title='bbox 466 806 602 848; x_wconf 82' lang='lat' dir='ltr'>judiciis,</span> <span class='ocrx_word' id='word_1_126' title='bbox 627 804 896 851; x_wconf 63' lang='lat' dir='ltr'>quaestriciijuris</span> <span class='ocrx_word' id='word_1_127' title='bbox 912 813 1030 845; x_wconf 85' lang='lat' dir='ltr'>erant;</span> <span class='ocrx_word' id='word_1_128' title='bbox 1052 803 1133 849; x_wconf 75' lang='lat' dir='ltr'>quia</span> <span class='ocrx_word' id='word_1_129' title='bbox 1152 804 1185 836; x_wconf 89' lang='lat' dir='ltr'>in</span> <span class='ocrx_word' id='word_1_130' title='bbox 1202 802 1352 837; x_wconf 85' lang='lat' dir='ltr'>arbitriis</span> <span class='ocrx_word' id='word_1_131' title='bbox 1369 812 1501 850; x_wconf 83' lang='lat' dir='ltr'>poterat</span> <span class='ocrx_word' id='word_1_132' title='bbox 1523 806 1627 838; x_wconf 88' lang='lat' dir='ltr'>ratio-</span> 
     </span>
     <span class='ocr_line' id='line_1_15' title="bbox 186 849 1628 899; baseline -0.005 -8"><span class='ocrx_word' id='word_1_133' title='bbox 186 869 262 891; x_wconf 90' lang='lat' dir='ltr'>nem</span> <span class='ocrx_word' id='word_1_134' title='bbox 282 855 403 890; x_wconf 83' lang='lat' dir='ltr'>babere</span> <span class='ocrx_word' id='word_1_135' title='bbox 425 854 508 897; x_wconf 76' lang='lat' dir='ltr'>eius,</span> <span class='ocrx_word' id='word_1_136' title='bbox 535 850 629 899; x_wconf 86' lang='lat' dir='ltr'>quod</span> <span class='ocrx_word' id='word_1_137' title='bbox 655 853 730 886; x_wconf 85' lang='lat' dir='ltr'>bona</span> <span class='ocrx_word' id='word_1_138' title='bbox 740 852 817 897; x_wconf 83' lang='lat' dir='ltr'>fides</span> <span class='ocrx_word' id='word_1_139' title='bbox 834 850 988 894; x_wconf 85' lang='lat' dir='ltr'>exigebat</span> <span class='ocrx_word' id='word_1_140' title='bbox 1004 867 1015 893; x_wconf 82' lang='lat'>3</span> <span class='ocrx_word' id='word_1_141' title='bbox 1041 849 1123 884; x_wconf 85' lang='lat' dir='ltr'>lieet</span> <span class='ocrx_word' id='word_1_142' title='bbox 1141 860 1255 884; x_wconf 88' lang='lat' dir='ltr'>tamen</span> <span class='ocrx_word' id='word_1_143' title='bbox 1271 851 1374 884; x_wconf 88' lang='lat' dir='ltr'>etiarn</span> <span class='ocrx_word' id='word_1_144' title='bbox 1397 850 1525 884; x_wconf 79' lang='lat' dir='ltr'>Arbitri</span> <span class='ocrx_word' id='word_1_145' title='bbox 1539 852 1628 885; x_wconf 81' lang='lat' dir='ltr'>Prae-</span> 
     </span>
     <span class='ocr_line' id='line_1_16' title="bbox 186 896 1628 945; baseline -0.003 -8"><span class='ocrx_word' id='word_1_146' title='bbox 186 904 272 936; x_wconf 90' lang='lat' dir='ltr'>toris</span> <span class='ocrx_word' id='word_1_147' title='bbox 286 897 485 937; x_wconf 64' lang='lat' dir='ltr'>auetoritate</span> <span class='ocrx_word' id='word_1_148' title='bbox 501 898 605 933; x_wconf 69' lang='lat' dir='ltr'>effen:</span> <span class='ocrx_word' id='word_1_149' title='bbox 623 897 763 944; x_wconf 61' lang='lat' dir='ltr'>subjeiffi</span> <span class='ocrx_word' id='word_1_150' title='bbox 784 914 794 939; x_wconf 92' lang='lat'>;</span> <span class='ocrx_word' id='word_1_151' title='bbox 829 897 924 945; x_wconf 82' lang='lat' dir='ltr'>isque</span> <span class='ocrx_word' id='word_1_152' title='bbox 942 910 1070 940; x_wconf 89' lang='lat' dir='ltr'>eorum,</span> <span class='ocrx_word' id='word_1_153' title='bbox 1098 908 1135 932; x_wconf 89' lang='lat' dir='ltr'>ut</span> <span class='ocrx_word' id='word_1_154' title='bbox 1153 897 1298 931; x_wconf 88' lang='lat' dir='ltr'>aliorum</span> <span class='ocrx_word' id='word_1_155' title='bbox 1324 896 1478 944; x_wconf 87' lang='lat' dir='ltr'>judicum</span> <span class='ocrx_word' id='word_1_156' title='bbox 1496 896 1628 932; x_wconf 88' lang='lat' dir='ltr'>senten-</span> 
     </span>
     <span class='ocr_line' id='line_1_17' title="bbox 185 943 1626 996; baseline -0.002 -13"><span class='ocrx_word' id='word_1_157' title='bbox 185 951 271 984; x_wconf 80' lang='lat' dir='ltr'>tiam</span> <span class='ocrx_word' id='word_1_158' title='bbox 293 953 329 985; x_wconf 89' lang='lat'>&amp;</span> <span class='ocrx_word' id='word_1_159' title='bbox 349 948 588 996; x_wconf 80' lang='lat' dir='ltr'>pronunciaret</span> <span class='ocrx_word' id='word_1_160' title='bbox 607 949 643 981; x_wconf 73' lang='grc' dir='ltr'>δε</span> <span class='ocrx_word' id='word_1_161' title='bbox 658 943 905 991; x_wconf 82' lang='lat' dir='ltr'>exsequeretur.</span> <span class='ocrx_word' id='word_1_162' title='bbox 959 946 1046 980; x_wconf 87' lang='lat' dir='ltr'>Cum</span> <span class='ocrx_word' id='word_1_163' title='bbox 1064 956 1175 979; x_wconf 84' lang='lat' dir='ltr'>autem</span> <span class='ocrx_word' id='word_1_164' title='bbox 1196 943 1297 979; x_wconf 84' lang='lat' dir='ltr'>semel</span> <span class='ocrx_word' id='word_1_165' title='bbox 1323 944 1429 990; x_wconf 72' lang='lat' dir='ltr'>judex</span> <span class='ocrx_word' id='word_1_166' title='bbox 1451 943 1513 980; x_wconf 82' lang='lat' dir='ltr'>five</span> <span class='ocrx_word' id='word_1_167' title='bbox 1529 944 1626 989; x_wconf 88' lang='lat' dir='ltr'>bene,</span> 
     </span>
     <span class='ocr_line' id='line_1_18' title="bbox 184 990 1383 1039; baseline -0.006 -8"><span class='ocrx_word' id='word_1_168' title='bbox 184 996 249 1032; x_wconf 84' lang='lat' dir='ltr'>five</span> <span class='ocrx_word' id='word_1_169' title='bbox 267 997 356 1030; x_wconf 83' lang='lat' dir='ltr'>male</span> <span class='ocrx_word' id='word_1_170' title='bbox 375 994 579 1030; x_wconf 84' lang='lat' dir='ltr'>sententiam</span> <span class='ocrx_word' id='word_1_171' title='bbox 597 991 747 1035; x_wconf 83' lang='lat' dir='ltr'>dixiffet,</span> <span class='ocrx_word' id='word_1_172' title='bbox 772 990 884 1039; x_wconf 83' lang='lat' dir='ltr'>Judex</span> <span class='ocrx_word' id='word_1_173' title='bbox 899 994 932 1026; x_wconf 91' lang='lat' dir='ltr'>in</span> <span class='ocrx_word' id='word_1_174' title='bbox 950 1004 989 1026; x_wconf 84' lang='lat' dir='ltr'>ea</span> <span class='ocrx_word' id='word_1_175' title='bbox 1008 992 1103 1026; x_wconf 75' lang='lat' dir='ltr'>causa</span> <span class='ocrx_word' id='word_1_176' title='bbox 1121 991 1185 1025; x_wconf 78' lang='lat' dir='ltr'>effe</span> <span class='ocrx_word' id='word_1_177' title='bbox 1200 990 1383 1025; x_wconf 82' lang='lat' dir='ltr'>defluebat.</span> 
     </span>
    </p>

    <p class='ocr_par' dir='ltr' id='par_1_3' title="bbox 185 1038 1626 1230">
     <span class='ocr_line' id='line_1_19' title="bbox 232 1038 1624 1088; baseline -0.003 -10"><span class='ocrx_word' id='word_1_178' title='bbox 232 1044 371 1078; x_wconf 65' lang='lat' dir='ltr'>Peracto</span> <span class='ocrx_word' id='word_1_179' title='bbox 383 1041 516 1088; x_wconf 86' lang='lat' dir='ltr'>judicio</span> <span class='ocrx_word' id='word_1_180' title='bbox 530 1052 588 1074; x_wconf 92' lang='lat' dir='ltr'>reo</span> <span class='ocrx_word' id='word_1_181' title='bbox 604 1039 790 1088; x_wconf 84' lang='lat' dir='ltr'>aliquando</span> <span class='ocrx_word' id='word_1_182' title='bbox 807 1051 847 1073; x_wconf 88' lang='lat' dir='ltr'>ex</span> <span class='ocrx_word' id='word_1_183' title='bbox 861 1039 954 1086; x_wconf 82' lang='lat' dir='ltr'>justis</span> <span class='ocrx_word' id='word_1_184' title='bbox 971 1039 1071 1074; x_wconf 82' lang='lat' dir='ltr'>causls</span> <span class='ocrx_word' id='word_1_185' title='bbox 1089 1038 1229 1073; x_wconf 83' lang='lat' dir='ltr'>dabatur</span> <span class='ocrx_word' id='word_1_186' title='bbox 1242 1038 1400 1082; x_wconf 83' lang='lat' dir='ltr'>Restitutio</span> <span class='ocrx_word' id='word_1_187' title='bbox 1417 1040 1447 1073; x_wconf 87' lang='lat' dir='ltr'>in</span> <span class='ocrx_word' id='word_1_188' title='bbox 1462 1041 1624 1085; x_wconf 81' lang='lat' dir='ltr'>integrum,</span> 
     </span>
     <span class='ocr_line' id='line_1_20' title="bbox 185 1086 1626 1138; baseline -0.005 -12"><span class='ocrx_word' id='word_1_189' title='bbox 185 1103 261 1138; x_wconf 77' lang='lat' dir='ltr'>quae</span> <span class='ocrx_word' id='word_1_190' title='bbox 277 1091 322 1126; x_wconf 87' lang='lat' dir='ltr'>est</span> <span class='ocrx_word' id='word_1_191' title='bbox 343 1089 586 1133; x_wconf 49' lang='lat' dir='ltr'>redintegranda</span> <span class='ocrx_word' id='word_1_192' title='bbox 596 1089 649 1130; x_wconf 84' lang='lat' dir='ltr'>rei,</span> <span class='ocrx_word' id='word_1_193' title='bbox 682 1086 733 1121; x_wconf 87' lang='lat' dir='ltr'>vel</span> <span class='ocrx_word' id='word_1_194' title='bbox 761 1087 853 1133; x_wconf 69' lang='lat' dir='ltr'>causac</span> <span class='ocrx_word' id='word_1_195' title='bbox 871 1089 968 1128; x_wconf 68' lang='lat' dir='ltr'>alii03</span> <span class='ocrx_word' id='word_1_196' title='bbox 1006 1090 1041 1121; x_wconf 71' lang='grc' dir='ltr'>δε</span> <span class='ocrx_word' id='word_1_197' title='bbox 1069 1087 1192 1133; x_wconf 86' lang='lat' dir='ltr'>proprii</span> <span class='ocrx_word' id='word_1_198' title='bbox 1212 1086 1336 1120; x_wconf 88' lang='lat' dir='ltr'>erroris</span> <span class='ocrx_word' id='word_1_199' title='bbox 1355 1087 1458 1120; x_wconf 85' lang='lat' dir='ltr'>veniae</span> <span class='ocrx_word' id='word_1_200' title='bbox 1486 1088 1626 1133; x_wconf 86' lang='lat' dir='ltr'>petitio-</span> 
     </span>
     <span class='ocr_line' id='line_1_21' title="bbox 185 1133 1626 1180; baseline -0.003 -8"><span class='ocrx_word' id='word_1_201' title='bbox 185 1151 277 1180; x_wconf 92' lang='lat' dir='ltr'>nem,</span> <span class='ocrx_word' id='word_1_202' title='bbox 301 1136 353 1172; x_wconf 90' lang='lat' dir='ltr'>vel</span> <span class='ocrx_word' id='word_1_203' title='bbox 377 1134 558 1170; x_wconf 85' lang='lat' dir='ltr'>adversarii</span> <span class='ocrx_word' id='word_1_204' title='bbox 584 1134 881 1168; x_wconf 83' lang='lat' dir='ltr'>circumventionis</span> <span class='ocrx_word' id='word_1_205' title='bbox 907 1133 1147 1178; x_wconf 84' lang='lat' dir='ltr'>allegationem</span> <span class='ocrx_word' id='word_1_206' title='bbox 1178 1134 1347 1176; x_wconf 84' lang='lat' dir='ltr'>continet,</span> <span class='ocrx_word' id='word_1_207' title='bbox 1375 1144 1449 1167; x_wconf 83' lang='lat' dir='ltr'>cum</span> <span class='ocrx_word' id='word_1_208' title='bbox 1469 1136 1626 1178; x_wconf 74' lang='lat' dir='ltr'>appellatio</span> 
     </span>
     <span class='ocr_line' id='line_1_22' title="bbox 185 1178 912 1230; baseline -0.006 -12"><span class='ocrx_word' id='word_1_209' title='bbox 185 1185 378 1230; x_wconf 86' lang='lat' dir='ltr'>iniquitatis</span> <span class='ocrx_word' id='word_1_210' title='bbox 393 1183 577 1219; x_wconf 72' lang='lat' dir='ltr'>Sententiae</span> <span class='ocrx_word' id='word_1_211' title='bbox 591 1181 762 1227; x_wconf 86' lang='lat' dir='ltr'>querelam</span> <span class='ocrx_word' id='word_1_212' title='bbox 781 1178 912 1227; x_wconf 65' lang='lat' dir='ltr'>prodat.</span> 
     </span>
    </p>

    <p class='ocr_par' dir='ltr' id='par_1_4' title="bbox 184 1225 1633 1558">
     <span class='ocr_line' id='line_1_23' title="bbox 240 1225 1626 1275; baseline -0.003 -9"><span class='ocrx_word' id='word_1_213' title='bbox 240 1234 346 1275; x_wconf 85' lang='lat' dir='ltr'>Reus,</span> <span class='ocrx_word' id='word_1_214' title='bbox 373 1229 433 1264; x_wconf 81' lang='lat' dir='ltr'>nifi</span> <span class='ocrx_word' id='word_1_215' title='bbox 450 1232 539 1264; x_wconf 79' lang='lat' dir='ltr'>intra</span> <span class='ocrx_word' id='word_1_216' title='bbox 559 1230 698 1272; x_wconf 81' lang='lat' dir='ltr'>triginta</span> <span class='ocrx_word' id='word_1_217' title='bbox 726 1228 798 1261; x_wconf 88' lang='lat' dir='ltr'>dies</span> <span class='ocrx_word' id='word_1_218' title='bbox 816 1226 1004 1273; x_wconf 84' lang='lat' dir='ltr'>judicatum</span> <span class='ocrx_word' id='word_1_219' title='bbox 1027 1225 1170 1270; x_wconf 69' lang='lat' dir='ltr'>fecMTer,</span> <span class='ocrx_word' id='word_1_220' title='bbox 1197 1227 1247 1261; x_wconf 89' lang='lat' dir='ltr'>vel</span> <span class='ocrx_word' id='word_1_221' title='bbox 1268 1225 1475 1273; x_wconf 67' lang='lat' dir='ltr'>appellasset,</span> <span class='ocrx_word' id='word_1_222' title='bbox 1502 1240 1520 1261; x_wconf 75' lang='lat' dir='ltr'>a</span> <span class='ocrx_word' id='word_1_223' title='bbox 1540 1229 1626 1262; x_wconf 77' lang='lat' dir='ltr'>Prae-</span> 
     </span>
     <span class='ocr_line' id='line_1_24' title="bbox 185 1274 1626 1321; baseline -0.002 -9"><span class='ocrx_word' id='word_1_224' title='bbox 185 1288 261 1312; x_wconf 88' lang='lat' dir='ltr'>tore</span> <span class='ocrx_word' id='word_1_225' title='bbox 278 1291 372 1314; x_wconf 82' lang='lat' dir='ltr'>nexus</span> <span class='ocrx_word' id='word_1_226' title='bbox 391 1279 539 1313; x_wconf 80' lang='lat' dir='ltr'>Creditori</span> <span class='ocrx_word' id='word_1_227' title='bbox 555 1277 762 1318; x_wconf 81' lang='lat' dir='ltr'>addicebatur,</span> <span class='ocrx_word' id='word_1_228' title='bbox 789 1286 827 1309; x_wconf 90' lang='lat' dir='ltr'>ut</span> <span class='ocrx_word' id='word_1_229' title='bbox 844 1286 920 1309; x_wconf 87' lang='lat' dir='ltr'>eum</span> <span class='ocrx_word' id='word_1_230' title='bbox 938 1275 970 1308; x_wconf 92' lang='lat' dir='ltr'>in</span> <span class='ocrx_word' id='word_1_231' title='bbox 987 1276 1152 1321; x_wconf 87' lang='lat' dir='ltr'>privatum</span> <span class='ocrx_word' id='word_1_232' title='bbox 1171 1286 1337 1308; x_wconf 75' lang='lat' dir='ltr'>carcerem</span> <span class='ocrx_word' id='word_1_233' title='bbox 1360 1274 1533 1318; x_wconf 85' lang='lat' dir='ltr'>conderet,</span> <span class='ocrx_word' id='word_1_234' title='bbox 1560 1275 1626 1309; x_wconf 86' lang='lat' dir='ltr'>do-</span> 
     </span>
     <span class='ocr_line' id='line_1_25' title="bbox 186 1320 1626 1373; baseline -0.002 -13"><span class='ocrx_word' id='word_1_235' title='bbox 186 1337 249 1359; x_wconf 85' lang='lat' dir='ltr'>nec</span> <span class='ocrx_word' id='word_1_236' title='bbox 267 1326 421 1373; x_wconf 87' lang='lat' dir='ltr'>pecunia,</span> <span class='ocrx_word' id='word_1_237' title='bbox 446 1323 497 1358; x_wconf 89' lang='lat' dir='ltr'>vel</span> <span class='ocrx_word' id='word_1_238' title='bbox 513 1334 615 1370; x_wconf 82' lang='lat' dir='ltr'>opera</span> <span class='ocrx_word' id='word_1_239' title='bbox 634 1321 852 1357; x_wconf 72' lang='lat' dir='ltr'>satisfecisset.</span> <span class='ocrx_word' id='word_1_240' title='bbox 940 1321 1053 1368; x_wconf 80' lang='lat' dir='ltr'>Judex</span> <span class='ocrx_word' id='word_1_241' title='bbox 1067 1321 1228 1369; x_wconf 86' lang='lat' dir='ltr'>denique,</span> <span class='ocrx_word' id='word_1_242' title='bbox 1255 1320 1275 1354; x_wconf 72' lang='lat' dir='ltr'>si</span> <span class='ocrx_word' id='word_1_243' title='bbox 1299 1320 1405 1355; x_wconf 85' lang='lat' dir='ltr'>sciens</span> <span class='ocrx_word' id='word_1_244' title='bbox 1430 1321 1512 1355; x_wconf 91' lang='lat' dir='ltr'>dolo</span> <span class='ocrx_word' id='word_1_245' title='bbox 1538 1323 1626 1357; x_wconf 86' lang='lat' dir='ltr'>malo</span> 
     </span>
     <span class='ocr_line' id='line_1_26' title="bbox 184 1368 1627 1420; baseline -0.002 -13"><span class='ocrx_word' id='word_1_246' title='bbox 184 1373 304 1419; x_wconf 76' lang='lat' dir='ltr'>injuste</span> <span class='ocrx_word' id='word_1_247' title='bbox 318 1371 511 1420; x_wconf 72' lang='lat' dir='ltr'>judicasset,</span> <span class='ocrx_word' id='word_1_248' title='bbox 538 1373 622 1405; x_wconf 82' lang='lat' dir='ltr'>litem</span> <span class='ocrx_word' id='word_1_249' title='bbox 630 1369 717 1415; x_wconf 83' lang='lat' dir='ltr'>suam</span> <span class='ocrx_word' id='word_1_250' title='bbox 726 1369 877 1414; x_wconf 82' lang='lat' dir='ltr'>faciebat,</span> <span class='ocrx_word' id='word_1_251' title='bbox 905 1369 968 1403; x_wconf 85' lang='lat' dir='ltr'>hoc</span> <span class='ocrx_word' id='word_1_252' title='bbox 983 1370 1039 1412; x_wconf 84' lang='lat' dir='ltr'>est,</span> <span class='ocrx_word' id='word_1_253' title='bbox 1064 1381 1168 1404; x_wconf 79' lang='lat' dir='ltr'>veram</span> <span class='ocrx_word' id='word_1_254' title='bbox 1186 1370 1248 1404; x_wconf 79' lang='lat' dir='ltr'>litis</span> <span class='ocrx_word' id='word_1_255' title='bbox 1265 1368 1481 1413; x_wconf 63' lang='lat' dir='ltr'>xstinzationem</span> <span class='ocrx_word' id='word_1_256' title='bbox 1493 1370 1627 1416; x_wconf 63' lang='lat' dir='ltr'>prestare</span> 
     </span>
     <span class='ocr_line' id='line_1_27' title="bbox 184 1415 1633 1465; baseline -0.001 -12"><span class='ocrx_word' id='word_1_257' title='bbox 184 1422 374 1465; x_wconf 81' lang='lat' dir='ltr'>cogebatur3</span> <span class='ocrx_word' id='word_1_258' title='bbox 411 1418 455 1452; x_wconf 91' lang='lat' dir='ltr'>de</span> <span class='ocrx_word' id='word_1_259' title='bbox 478 1430 548 1464; x_wconf 88' lang='lat' dir='ltr'>quo</span> <span class='ocrx_word' id='word_1_260' title='bbox 565 1418 707 1451; x_wconf 87' lang='lat' dir='ltr'>crimine</span> <span class='ocrx_word' id='word_1_261' title='bbox 727 1415 910 1463; x_wconf 80' lang='lat' dir='ltr'>aliquando</span> <span class='ocrx_word' id='word_1_262' title='bbox 933 1417 1033 1451; x_wconf 81' lang='lat' dir='ltr'>etiam</span> <span class='ocrx_word' id='word_1_263' title='bbox 1061 1417 1136 1460; x_wconf 84' lang='lat' dir='ltr'>lege</span> <span class='ocrx_word' id='word_1_264' title='bbox 1166 1415 1426 1462; x_wconf 84' lang='lat' dir='ltr'>repetundarum</span> <span class='ocrx_word' id='word_1_265' title='bbox 1453 1417 1633 1463; x_wconf 64' lang='lat' dir='ltr'>quaesitum-</span> 
     </span>
     <span class='ocr_line' id='line_1_28' title="bbox 186 1462 1628 1512; baseline -0.001 -12"><span class='ocrx_word' id='word_1_266' title='bbox 186 1465 264 1501; x_wconf 90' lang='lat' dir='ltr'>fuit.</span> <span class='ocrx_word' id='word_1_267' title='bbox 317 1465 422 1510; x_wconf 86' lang='lat' dir='ltr'>Qod</span> <span class='ocrx_word' id='word_1_268' title='bbox 441 1463 464 1498; x_wconf 85' lang='lat' dir='ltr'>fi</span> <span class='ocrx_word' id='word_1_269' title='bbox 492 1465 668 1512; x_wconf 85' lang='lat' dir='ltr'>pecuniam</span> <span class='ocrx_word' id='word_1_270' title='bbox 683 1462 795 1511; x_wconf 86' lang='lat' dir='ltr'>Judcx</span> <span class='ocrx_word' id='word_1_271' title='bbox 825 1476 843 1497; x_wconf 89' lang='lat' dir='ltr'>a</span> <span class='ocrx_word' id='word_1_272' title='bbox 876 1462 1086 1507; x_wconf 84' lang='lat' dir='ltr'>litigantibus</span> <span class='ocrx_word' id='word_1_273' title='bbox 1112 1462 1276 1510; x_wconf 72' lang='lat' dir='ltr'>accepisse</span> <span class='ocrx_word' id='word_1_274' title='bbox 1300 1464 1557 1499; x_wconf 78' lang='lat' dir='ltr'>convinceretur</span> <span class='ocrx_word' id='word_1_275' title='bbox 1586 1476 1628 1499; x_wconf 83' lang='lat' dir='ltr'>ex</span> 
     </span>
     <span class='ocr_line' id='line_1_29' title="bbox 185 1509 968 1558; baseline -0.006 -9"><span class='ocrx_word' id='word_1_276' title='bbox 185 1513 261 1558; x_wconf 86' lang='lat' dir='ltr'>lege</span> <span class='ocrx_word' id='word_1_277' title='bbox 279 1515 361 1548; x_wconf 87' lang='lat' dir='ltr'>XII.</span> <span class='ocrx_word' id='word_1_278' title='bbox 379 1510 586 1547; x_wconf 85' lang='lat' dir='ltr'>Tabularum</span> <span class='ocrx_word' id='word_1_279' title='bbox 603 1511 722 1556; x_wconf 83' lang='lat' dir='ltr'>capitis</span> <span class='ocrx_word' id='word_1_280' title='bbox 737 1509 968 1544; x_wconf 70' lang='lat' dir='ltr'>damnabatur.</span> 
     </span>
    </p>

    <p class='ocr_par' dir='ltr' id='par_1_5' title="bbox 183 1555 1630 1984">
     <span class='ocr_line' id='line_1_30' title="bbox 233 1555 1628 1605; baseline -0.003 -9"><span class='ocrx_word' id='word_1_281' title='bbox 233 1561 377 1596; x_wconf 84' lang='lat' dir='ltr'>Privatis</span> <span class='ocrx_word' id='word_1_282' title='bbox 402 1558 542 1605; x_wconf 84' lang='lat' dir='ltr'>judiciis</span> <span class='ocrx_word' id='word_1_283' title='bbox 563 1559 665 1591; x_wconf 87' lang='lat' dir='ltr'>initio</span> <span class='ocrx_word' id='word_1_284' title='bbox 684 1556 823 1604; x_wconf 79' lang='lat' dir='ltr'>quIdcm</span> <span class='ocrx_word' id='word_1_285' title='bbox 849 1559 974 1600; x_wconf 78' lang='lat' dir='ltr'>Reges,</span> <span class='ocrx_word' id='word_1_286' title='bbox 1001 1557 1072 1603; x_wconf 87' lang='lat' dir='ltr'>post</span> <span class='ocrx_word' id='word_1_287' title='bbox 1090 1555 1264 1598; x_wconf 84' lang='lat' dir='ltr'>Consules,</span> <span class='ocrx_word' id='word_1_288' title='bbox 1289 1555 1441 1603; x_wconf 84' lang='lat' dir='ltr'>denique</span> <span class='ocrx_word' id='word_1_289' title='bbox 1468 1557 1628 1592; x_wconf 60' lang='lat' dir='ltr'>Praetores</span> 
     </span>
     <span class='ocr_line' id='line_1_31' title="bbox 186 1603 1628 1653; baseline -0.003 -11"><span class='ocrx_word' id='word_1_290' title='bbox 186 1607 404 1653; x_wconf 65' lang='lat' dir='ltr'>praefuerunt.</span> <span class='ocrx_word' id='word_1_291' title='bbox 458 1609 509 1640; x_wconf 90' lang='lat' dir='ltr'>De</span> <span class='ocrx_word' id='word_1_292' title='bbox 533 1604 683 1647; x_wconf 82' lang='lat' dir='ltr'>Regibus</span> <span class='ocrx_word' id='word_1_293' title='bbox 710 1603 852 1649; x_wconf 83' lang='lat' dir='ltr'>Dionys.</span> <span class='ocrx_word' id='word_1_294' title='bbox 883 1604 1052 1638; x_wconf 83' lang='lat' dir='ltr'>Halicarn.</span> <span class='ocrx_word' id='word_1_295' title='bbox 1071 1607 1114 1638; x_wconf 89' lang='lat' dir='ltr'>X.</span> <span class='ocrx_word' id='word_1_296' title='bbox 1133 1616 1165 1650; x_wconf 86' lang='lat' dir='ltr'>p.</span> <span class='ocrx_word' id='word_1_297' title='bbox 1180 1609 1260 1642; x_wconf 85' lang='lat'>627.</span> <span class='ocrx_word' id='word_1_298' title='bbox 1353 1608 1390 1635; x_wconf 78' lang='grc' dir='ltr'>Τὸ</span> <span class='ocrx_word' id='word_1_299' title='bbox 1412 1604 1458 1644; x_wconf 56' lang='grc' dir='ltr'>μλὸ</span> <span class='ocrx_word' id='word_1_300' title='bbox 1475 1605 1586 1646; x_wconf 52' lang='grc' dir='ltr'>ἀρχαῖον</span> <span class='ocrx_word' id='word_1_301' title='bbox 1605 1609 1628 1637; x_wconf 75' lang='grc' dir='ltr'>οἱ</span> 
     </span>
     <span class='ocr_line' id='line_1_32' title="bbox 183 1650 1624 1695; baseline -0.001 -10"><span class='ocrx_word' id='word_1_302' title='bbox 183 1654 296 1692; x_wconf 53' lang='lat' dir='ltr'>aaron&amp;</span> <span class='ocrx_word' id='word_1_303' title='bbox 313 1653 396 1687; x_wconf 71' lang='grc' dir='ltr'>αὐτῶν</span> <span class='ocrx_word' id='word_1_304' title='bbox 415 1652 548 1688; x_wconf 56' lang='lat' dir='ltr'>{wissam</span> <span class='ocrx_word' id='word_1_305' title='bbox 565 1652 619 1683; x_wconf 65' lang='lat' dir='ltr'>nic</span> <span class='ocrx_word' id='word_1_306' title='bbox 645 1651 773 1691; x_wconf 57' lang='grc' dir='ltr'>ἐξομῖῴοις</span> <span class='ocrx_word' id='word_1_307' title='bbox 794 1651 845 1683; x_wconf 66' lang='lat' dir='ltr'>w&#39;r</span> <span class='ocrx_word' id='word_1_308' title='bbox 862 1652 946 1686; x_wconf 61' lang='grc' dir='ltr'><strong><em>ἐῖκας,</em></strong></span> <span class='ocrx_word' id='word_1_309' title='bbox 970 1653 993 1695; x_wconf 53' lang='grc' dir='ltr'>ιζ,</span> <span class='ocrx_word' id='word_1_310' title='bbox 1012 1653 1038 1682; x_wconf 65' lang='grc' dir='ltr'>τὲ</span> <span class='ocrx_word' id='word_1_311' title='bbox 1055 1650 1189 1687; x_wconf 58' lang='grc' dir='ltr'>ὢχμιωὲἑν</span> <span class='ocrx_word' id='word_1_312' title='bbox 1209 1651 1264 1682; x_wconf 58' lang='grc' dir='ltr'>ὑπ’</span> <span class='ocrx_word' id='word_1_313' title='bbox 1282 1652 1380 1685; x_wconf 64' lang='grc' dir='ltr'>ἐκείνων</span> <span class='ocrx_word' id='word_1_314' title='bbox 1399 1652 1460 1684; x_wconf 58' lang='lat' dir='ltr'>‘tiro</span> <span class='ocrx_word' id='word_1_315' title='bbox 1478 1653 1564 1692; x_wconf 60' lang='lat' dir='ltr'>vim&amp;</span> <span class='ocrx_word' id='word_1_316' title='bbox 1586 1653 1624 1688; x_wconf 61' lang='grc' dir='ltr'>ἦν,</span> 
     </span>
     <span class='ocr_line' id='line_1_33' title="bbox 271 1698 1629 1747; baseline 0 -11"><span class='ocrx_word' id='word_1_317' title='bbox 271 1703 382 1743; x_wconf 87' lang='lat' dir='ltr'>Olim,</span> <span class='ocrx_word' id='word_1_318' title='bbox 409 1699 571 1747; x_wconf 83' lang='lat' dir='ltr'>quamdiu</span> <span class='ocrx_word' id='word_1_319' title='bbox 601 1709 773 1742; x_wconf 81' lang='lat' dir='ltr'>regnatum</span> <span class='ocrx_word' id='word_1_320' title='bbox 801 1698 844 1730; x_wconf 79' lang='lat' dir='ltr'>est</span> <span class='ocrx_word' id='word_1_321' title='bbox 870 1700 904 1732; x_wconf 86' lang='lat' dir='ltr'>iu</span> <span class='ocrx_word' id='word_1_322' title='bbox 932 1700 1026 1741; x_wconf 82' lang='lat' dir='ltr'>urbe,</span> <span class='ocrx_word' id='word_1_323' title='bbox 1055 1700 1190 1741; x_wconf 76' lang='lat' dir='ltr'>Regum</span> <span class='ocrx_word' id='word_1_324' title='bbox 1215 1698 1360 1732; x_wconf 81' lang='lat' dir='ltr'>arbitrio</span> <span class='ocrx_word' id='word_1_325' title='bbox 1385 1699 1629 1736; x_wconf 84' lang='lat' dir='ltr'>dirimebantur</span> 
     </span>
     <span class='ocr_line' id='line_1_34' title="bbox 186 1743 1630 1795; baseline -0.001 -13"><span class='ocrx_word' id='word_1_326' title='bbox 186 1750 275 1792; x_wconf 84' lang='lat' dir='ltr'>lites,</span> <span class='ocrx_word' id='word_1_327' title='bbox 302 1754 337 1784; x_wconf 75' lang='grc' dir='ltr'>δε</span> <span class='ocrx_word' id='word_1_328' title='bbox 370 1748 464 1795; x_wconf 84' lang='lat' dir='ltr'>quod</span> <span class='ocrx_word' id='word_1_329' title='bbox 491 1747 613 1794; x_wconf 85' lang='lat' dir='ltr'>justum</span> <span class='ocrx_word' id='word_1_330' title='bbox 642 1746 692 1779; x_wconf 89' lang='lat' dir='ltr'>illi</span> <span class='ocrx_word' id='word_1_331' title='bbox 719 1743 929 1790; x_wconf 74' lang='lat' dir='ltr'>judicassent,</span> <span class='ocrx_word' id='word_1_332' title='bbox 957 1745 992 1779; x_wconf 90' lang='lat' dir='ltr'>id</span> <span class='ocrx_word' id='word_1_333' title='bbox 1011 1755 1084 1779; x_wconf 77' lang='lat' dir='ltr'>erat</span> <span class='ocrx_word' id='word_1_334' title='bbox 1109 1757 1170 1791; x_wconf 87' lang='lat' dir='ltr'>pro</span> <span class='ocrx_word' id='word_1_335' title='bbox 1199 1743 1473 1789; x_wconf 62' lang='lat' dir='ltr'>lege—Idem</span> <span class='ocrx_word' id='word_1_336' title='bbox 1503 1749 1630 1782; x_wconf 69' lang='lat' dir='ltr'>Auctor</span> 
     </span>
     <span class='ocr_line' id='line_1_35' title="bbox 185 1791 1629 1840; baseline -0.001 -9"><span class='ocrx_word' id='word_1_337' title='bbox 185 1798 263 1832; x_wconf 91' lang='lat' dir='ltr'>Lib.</span> <span class='ocrx_word' id='word_1_338' title='bbox 283 1798 328 1830; x_wconf 88' lang='grc' dir='ltr'>ΙΙ.</span> <span class='ocrx_word' id='word_1_339' title='bbox 351 1795 407 1830; x_wconf 81' lang='lat' dir='ltr'>ubi</span> <span class='ocrx_word' id='word_1_340' title='bbox 424 1797 557 1838; x_wconf 81' lang='lat' dir='ltr'>Regum</span> <span class='ocrx_word' id='word_1_341' title='bbox 571 1794 642 1840; x_wconf 74' lang='lat' dir='ltr'>jura</span> <span class='ocrx_word' id='word_1_342' title='bbox 660 1794 841 1839; x_wconf 84' lang='lat' dir='ltr'>muniaque</span> <span class='ocrx_word' id='word_1_343' title='bbox 856 1792 1028 1835; x_wconf 87' lang='lat' dir='ltr'>describit,</span> <span class='ocrx_word' id='word_1_344' title='bbox 1055 1791 1091 1825; x_wconf 91' lang='lat' dir='ltr'>id</span> <span class='ocrx_word' id='word_1_345' title='bbox 1114 1803 1252 1838; x_wconf 84' lang='lat' dir='ltr'>quoque</span> <span class='ocrx_word' id='word_1_346' title='bbox 1281 1795 1320 1827; x_wconf 84' lang='lat' dir='ltr'>iis</span> <span class='ocrx_word' id='word_1_347' title='bbox 1345 1793 1462 1828; x_wconf 78' lang='lat' dir='ltr'>datum</span> <span class='ocrx_word' id='word_1_348' title='bbox 1485 1795 1551 1829; x_wconf 78' lang='lat' dir='ltr'>efl&#39;e</span> <span class='ocrx_word' id='word_1_349' title='bbox 1570 1808 1629 1829; x_wconf 78' lang='lat' dir='ltr'>ne·</span> 
     </span>
     <span class='ocr_line' id='line_1_36' title="bbox 185 1839 1629 1889; baseline -0.001 -11"><span class='ocrx_word' id='word_1_350' title='bbox 185 1845 272 1889; x_wconf 85' lang='lat' dir='ltr'>gorii</span> <span class='ocrx_word' id='word_1_351' title='bbox 301 1845 491 1885; x_wconf 85' lang='lat' dir='ltr'>ait,—-ut</span> <span class='ocrx_word' id='word_1_352' title='bbox 520 1841 631 1884; x_wconf 83' lang='lat' dir='ltr'>legum</span> <span class='ocrx_word' id='word_1_353' title='bbox 661 1842 916 1887; x_wconf 78' lang='lat' dir='ltr'>patriarumque</span> <span class='ocrx_word' id='word_1_354' title='bbox 944 1839 1219 1874; x_wconf 72' lang='lat' dir='ltr'>consuetudinem</span> <span class='ocrx_word' id='word_1_355' title='bbox 1251 1840 1412 1876; x_wconf 84' lang='lat' dir='ltr'>haberent</span> <span class='ocrx_word' id='word_1_356' title='bbox 1433 1841 1629 1886; x_wconf 82' lang='lat' dir='ltr'>custodiam,</span> 
     </span>
     <span class='ocr_line' id='line_1_37' title="bbox 185 1884 1626 1938; baseline 0 -13"><span class='ocrx_word' id='word_1_357' title='bbox 185 1890 359 1938; x_wconf 85' lang='lat' dir='ltr'>omnisque</span> <span class='ocrx_word' id='word_1_358' title='bbox 374 1891 472 1937; x_wconf 85' lang='lat' dir='ltr'>juris,</span> <span class='ocrx_word' id='word_1_359' title='bbox 498 1887 589 1935; x_wconf 86' lang='lat' dir='ltr'>quod</span> <span class='ocrx_word' id='word_1_360' title='bbox 608 1886 660 1922; x_wconf 87' lang='lat' dir='ltr'>vel</span> <span class='ocrx_word' id='word_1_361' title='bbox 678 1897 792 1921; x_wconf 82' lang='lat' dir='ltr'>natura</span> <span class='ocrx_word' id='word_1_362' title='bbox 808 1884 924 1930; x_wconf 67' lang='lat' dir='ltr'>dietat,</span> <span class='ocrx_word' id='word_1_363' title='bbox 951 1886 1000 1922; x_wconf 84' lang='lat' dir='ltr'>vel</span> <span class='ocrx_word' id='word_1_364' title='bbox 1017 1887 1108 1933; x_wconf 66' lang='lat' dir='ltr'>paeta</span> <span class='ocrx_word' id='word_1_365' title='bbox 1127 1890 1163 1921; x_wconf 72' lang='grc' dir='ltr'>δε</span> <span class='ocrx_word' id='word_1_366' title='bbox 1183 1886 1302 1921; x_wconf 79' lang='lat' dir='ltr'>tabulae</span> <span class='ocrx_word' id='word_1_367' title='bbox 1318 1886 1483 1931; x_wconf 82' lang='lat' dir='ltr'>sanciunt,</span> <span class='ocrx_word' id='word_1_368' title='bbox 1510 1901 1626 1926; x_wconf 81' lang='lat' dir='ltr'>curam</span> 
     </span>
     <span class='ocr_line' id='line_1_38' title="bbox 187 1949 337 1984; baseline -0.02 -10"><span class='ocrx_word' id='word_1_369' title='bbox 187 1949 337 1984; x_wconf 83' lang='lat' dir='ltr'>agerent.</span> 
     </span>
    </p>

    <p class='ocr_par' dir='ltr' id='par_1_6' title="bbox 178 1979 1625 2362">
     <span class='ocr_line' id='line_1_39' title="bbox 236 1979 1625 2033; baseline -0.001 -13"><span class='ocrx_word' id='word_1_370' title='bbox 236 1986 361 2033; x_wconf 73' lang='lat' dir='ltr'>Ejeffis</span> <span class='ocrx_word' id='word_1_371' title='bbox 388 1982 542 2028; x_wconf 85' lang='lat' dir='ltr'>Regibus</span> <span class='ocrx_word' id='word_1_372' title='bbox 567 1979 766 2029; x_wconf 74' lang='lat' dir='ltr'>JurisdiCtio</span> <span class='ocrx_word' id='word_1_373' title='bbox 794 1981 863 2014; x_wconf 73' lang='lat' dir='ltr'>haec</span> <span class='ocrx_word' id='word_1_374' title='bbox 892 1980 932 2015; x_wconf 85' lang='lat' dir='ltr'>ad</span> <span class='ocrx_word' id='word_1_375' title='bbox 951 1980 1115 2015; x_wconf 84' lang='lat' dir='ltr'>Consules</span> <span class='ocrx_word' id='word_1_376' title='bbox 1136 1980 1250 2015; x_wconf 82' lang='lat' dir='ltr'>delata</span> <span class='ocrx_word' id='word_1_377' title='bbox 1273 1981 1329 2024; x_wconf 84' lang='lat' dir='ltr'>cst,</span> <span class='ocrx_word' id='word_1_378' title='bbox 1358 1986 1393 2017; x_wconf 88' lang='lat'>&amp;</span> <span class='ocrx_word' id='word_1_379' title='bbox 1411 1994 1512 2030; x_wconf 86' lang='lat' dir='ltr'>penes</span> <span class='ocrx_word' id='word_1_380' title='bbox 1539 1983 1625 2019; x_wconf 79' lang='lat' dir='ltr'>alios</span> 
     </span>
     <span class='ocr_line' id='line_1_40' title="bbox 186 2028 1625 2078; baseline -0.002 -10"><span class='ocrx_word' id='word_1_381' title='bbox 186 2032 404 2078; x_wconf 87' lang='lat' dir='ltr'>Magistratus</span> <span class='ocrx_word' id='word_1_382' title='bbox 421 2031 498 2073; x_wconf 88' lang='lat' dir='ltr'>fuit,</span> <span class='ocrx_word' id='word_1_383' title='bbox 526 2033 583 2077; x_wconf 85' lang='lat' dir='ltr'>qui</span> <span class='ocrx_word' id='word_1_384' title='bbox 602 2028 775 2063; x_wconf 86' lang='lat' dir='ltr'>Consulari</span> <span class='ocrx_word' id='word_1_385' title='bbox 805 2030 966 2075; x_wconf 81' lang='lat' dir='ltr'>potestate</span> <span class='ocrx_word' id='word_1_386' title='bbox 986 2038 1149 2075; x_wconf 70' lang='lat' dir='ltr'>prceerant</span> <span class='ocrx_word' id='word_1_387' title='bbox 1175 2028 1397 2075; x_wconf 63' lang='lat' dir='ltr'>Reipublicae.</span> <span class='ocrx_word' id='word_1_388' title='bbox 1453 2030 1625 2065; x_wconf 85' lang='lat' dir='ltr'>Postremo</span> 
     </span>
     <span class='ocr_line' id='line_1_41' title="bbox 185 2075 1624 2126; baseline -0.002 -11"><span class='ocrx_word' id='word_1_389' title='bbox 185 2081 269 2126; x_wconf 84' lang='lat' dir='ltr'>juris</span> <span class='ocrx_word' id='word_1_390' title='bbox 285 2079 426 2115; x_wconf 88' lang='lat' dir='ltr'>dicundi</span> <span class='ocrx_word' id='word_1_391' title='bbox 445 2080 587 2125; x_wconf 83' lang='lat' dir='ltr'>potestas</span> <span class='ocrx_word' id='word_1_392' title='bbox 604 2078 639 2111; x_wconf 92' lang='lat' dir='ltr'>in</span> <span class='ocrx_word' id='word_1_393' title='bbox 668 2075 750 2110; x_wconf 91' lang='lat' dir='ltr'>urbe</span> <span class='ocrx_word' id='word_1_394' title='bbox 766 2075 806 2110; x_wconf 86' lang='lat' dir='ltr'>ad</span> <span class='ocrx_word' id='word_1_395' title='bbox 827 2077 1007 2110; x_wconf 80' lang='lat' dir='ltr'>Praetorem</span> <span class='ocrx_word' id='word_1_396' title='bbox 1025 2075 1137 2110; x_wconf 80' lang='lat' dir='ltr'>delata</span> <span class='ocrx_word' id='word_1_397' title='bbox 1157 2077 1212 2110; x_wconf 83' lang='lat' dir='ltr'>est.</span> <span class='ocrx_word' id='word_1_398' title='bbox 1268 2077 1412 2111; x_wconf 73' lang='lat' dir='ltr'>invaluit</span> <span class='ocrx_word' id='word_1_399' title='bbox 1430 2077 1541 2123; x_wconf 80' lang='lat' dir='ltr'>postea</span> <span class='ocrx_word' id='word_1_400' title='bbox 1567 2077 1624 2112; x_wconf 90' lang='lat' dir='ltr'>ubi</span> 
     </span>
     <span class='ocr_line' id='line_1_42' title="bbox 185 2122 1625 2171; baseline -0.001 -10"><span class='ocrx_word' id='word_1_401' title='bbox 185 2127 256 2162; x_wconf 88' lang='lat' dir='ltr'>duo</span> <span class='ocrx_word' id='word_1_402' title='bbox 273 2128 436 2162; x_wconf 85' lang='lat' dir='ltr'>Praetores</span> <span class='ocrx_word' id='word_1_403' title='bbox 453 2126 561 2160; x_wconf 84' lang='lat' dir='ltr'>creari</span> <span class='ocrx_word' id='word_1_404' title='bbox 582 2133 771 2171; x_wconf 84' lang='lat' dir='ltr'>coeperunt,</span> <span class='ocrx_word' id='word_1_405' title='bbox 796 2132 834 2158; x_wconf 90' lang='lat' dir='ltr'>ut</span> <span class='ocrx_word' id='word_1_406' title='bbox 852 2133 1031 2171; x_wconf 83' lang='lat' dir='ltr'>praetorum</span> <span class='ocrx_word' id='word_1_407' title='bbox 1049 2123 1132 2157; x_wconf 85' lang='lat' dir='ltr'>alius</span> <span class='ocrx_word' id='word_1_408' title='bbox 1148 2122 1286 2166; x_wconf 87' lang='lat' dir='ltr'>civibus,</span> <span class='ocrx_word' id='word_1_409' title='bbox 1313 2124 1398 2158; x_wconf 88' lang='lat' dir='ltr'>alius</span> <span class='ocrx_word' id='word_1_410' title='bbox 1418 2127 1625 2171; x_wconf 77' lang='lat' dir='ltr'>peregrini53</span> 
     </span>
     <span class='ocr_line' id='line_1_43' title="bbox 186 2169 1623 2220; baseline -0.002 -11"><span class='ocrx_word' id='word_1_411' title='bbox 186 2176 235 2210; x_wconf 77' lang='lat' dir='ltr'>ille</span> <span class='ocrx_word' id='word_1_412' title='bbox 251 2185 292 2208; x_wconf 86' lang='lat' dir='ltr'>ex</span> <span class='ocrx_word' id='word_1_413' title='bbox 306 2174 380 2220; x_wconf 88' lang='lat' dir='ltr'>jure</span> <span class='ocrx_word' id='word_1_414' title='bbox 393 2176 564 2215; x_wconf 73' lang='lat' dir='ltr'>Romam,</span> <span class='ocrx_word' id='word_1_415' title='bbox 590 2173 636 2206; x_wconf 85' lang='lat' dir='ltr'>ln&#39;c</span> <span class='ocrx_word' id='word_1_416' title='bbox 655 2171 781 2217; x_wconf 85' lang='lat' dir='ltr'>exjure</span> <span class='ocrx_word' id='word_1_417' title='bbox 797 2172 963 2214; x_wconf 82' lang='lat' dir='ltr'>gentium,</span> <span class='ocrx_word' id='word_1_418' title='bbox 990 2180 1132 2217; x_wconf 88' lang='lat' dir='ltr'>uterque</span> <span class='ocrx_word' id='word_1_419' title='bbox 1148 2182 1189 2204; x_wconf 87' lang='lat' dir='ltr'>ex</span> <span class='ocrx_word' id='word_1_420' title='bbox 1205 2169 1325 2205; x_wconf 59' lang='lat' dir='ltr'>Edicto</span> <span class='ocrx_word' id='word_1_421' title='bbox 1343 2170 1400 2205; x_wconf 82' lang='lat' dir='ltr'>suo</span> <span class='ocrx_word' id='word_1_422' title='bbox 1414 2174 1466 2218; x_wconf 85' lang='lat' dir='ltr'>jus</span> <span class='ocrx_word' id='word_1_423' title='bbox 1484 2172 1623 2206; x_wconf 84' lang='lat' dir='ltr'>diceret.</span> 
     </span>
     <span class='ocr_line' id='line_1_44' title="bbox 187 2217 1624 2267; baseline -0.003 -10"><span class='ocrx_word' id='word_1_424' title='bbox 187 2226 345 2257; x_wconf 88' lang='lat' dir='ltr'>Attamen</span> <span class='ocrx_word' id='word_1_425' title='bbox 375 2226 411 2256; x_wconf 93' lang='lat'>&amp;</span> <span class='ocrx_word' id='word_1_426' title='bbox 440 2219 609 2267; x_wconf 86' lang='lat' dir='ltr'>quandam</span> <span class='ocrx_word' id='word_1_427' title='bbox 642 2217 883 2264; x_wconf 59' lang='lat' dir='ltr'>jurisdictionis</span> <span class='ocrx_word' id='word_1_428' title='bbox 906 2227 1034 2264; x_wconf 84' lang='lat' dir='ltr'>partem</span> <span class='ocrx_word' id='word_1_429' title='bbox 1063 2217 1123 2252; x_wconf 87' lang='lat' dir='ltr'>fibi</span> <span class='ocrx_word' id='word_1_430' title='bbox 1152 2217 1365 2252; x_wconf 78' lang='lat' dir='ltr'>vindicabant</span> <span class='ocrx_word' id='word_1_431' title='bbox 1393 2218 1531 2253; x_wconf 87' lang='lat' dir='ltr'>AEdiles.</span> <span class='ocrx_word' id='word_1_432' title='bbox 1586 2221 1624 2252; x_wconf 93' lang='lat' dir='ltr'>In</span> 
     </span>
     <span class='ocr_line' id='line_1_45' title="bbox 189 2263 1625 2350; baseline -0.003 -47"><span class='ocrx_word' id='word_1_433' title='bbox 189 2269 370 2350; x_wconf 55' lang='lat' dir='ltr'>protcziingiis</span> <span class='ocrx_word' id='word_1_434' title='bbox 396 2265 630 2310; x_wconf 87' lang='lat' dir='ltr'>Proconsules,</span> <span class='ocrx_word' id='word_1_435' title='bbox 658 2268 832 2309; x_wconf 69' lang='lat' dir='ltr'>Praeroms,</span> <span class='ocrx_word' id='word_1_436' title='bbox 857 2263 1010 2301; x_wconf 87' lang='lat' dir='ltr'>Praefides</span> <span class='ocrx_word' id='word_1_437' title='bbox 1038 2265 1156 2300; x_wconf 80' lang='lat' dir='ltr'>eadem</span> <span class='ocrx_word' id='word_1_438' title='bbox 1184 2265 1268 2312; x_wconf 85' lang='lat' dir='ltr'>juris</span> <span class='ocrx_word' id='word_1_439' title='bbox 1296 2264 1437 2300; x_wconf 87' lang='lat' dir='ltr'>dicundi</span> <span class='ocrx_word' id='word_1_440' title='bbox 1462 2265 1625 2311; x_wconf 85' lang='lat' dir='ltr'>potestate</span> 
     </span>
     <span class='ocr_line' id='line_1_46' title="bbox 178 2324 396 2362; baseline 0 -12"><span class='ocrx_word' id='word_1_441' title='bbox 178 2328 253 2362; x_wconf 26' lang='lat' dir='ltr'>‘gau</span> <span class='ocrx_word' id='word_1_442' title='bbox 285 2327 301 2350; x_wconf 87' lang='lat' dir='ltr'>e</span> <span class='ocrx_word' id='word_1_443' title='bbox 328 2324 396 2350; x_wconf 86' lang='lat' dir='ltr'>ant.</span> 
     </span>
    </p>
   </div>
   <div class='ocr_carea' id='block_1_3' title="bbox 858 1343 938 1350">
    <p class='ocr_par' dir='ltr' id='par_1_7' title="bbox 858 1343 938 1350">
     <span class='ocr_line' id='line_1_47' title="bbox 858 1343 938 1350; baseline 0 1462"><span class='ocrx_word' id='word_1_444' title='bbox 858 1343 938 1350; x_wconf 95' lang='lat' dir='ltr'> </span> 
     </span>
    </p>
   </div>
   <div class='ocr_carea' id='block_1_4' title="bbox 1267 1623 1349 1628">
    <p class='ocr_par' dir='ltr' id='par_1_8' title="bbox 1267 1623 1349 1628">
     <span class='ocr_line' id='line_1_48' title="bbox 1267 1623 1349 1628; baseline 0 0"><span class='ocrx_word' id='word_1_445' title='bbox 1267 1623 1349 1628; x_wconf 95' lang='lat' dir='ltr'> </span> 
     </span>
    </p>
   </div>
   <div class='ocr_carea' id='block_1_5' title="bbox 186 1724 262 1731">
    <p class='ocr_par' dir='ltr' id='par_1_9' title="bbox 186 1724 262 1731">
     <span class='ocr_line' id='line_1_49' title="bbox 186 1724 262 1731; baseline 0 1081"><span class='ocrx_word' id='word_1_446' title='bbox 186 1724 262 1731; x_wconf 95' lang='lat' dir='ltr'> </span> 
     </span>
    </p>
   </div>
   <div class='ocr_carea' id='block_1_6' title="bbox 1338 2386 1622 2436">
    <p class='ocr_par' dir='ltr' id='par_1_10' title="bbox 1338 2386 1622 2436">
     <span class='ocr_line' id='line_1_50' title="bbox 1338 2386 1622 2436; baseline 0 -9"><span class='ocrx_word' id='word_1_447' title='bbox 1338 2402 1373 2436; x_wconf 87' lang='lat'>3.</span> <span class='ocrx_word' id='word_1_448' title='bbox 1405 2386 1622 2428; x_wconf 67' lang='lat' dir='ltr'>Aetionum</span> 
     </span>
    </p>
   </div>
  </div>
 </body>
</html>
