2059 2812
359 166 464 219 266
765 162 1028 214 Elementa
1060 157 1205 226 Juris
1235 160 1405 212 Civilis

892 263 938 312 T
976 278 998 312 1
1037 277 1088 311 T.
1162 261 1279 311 XII.

361 362 443 415 De
468 362 722 433 Perpetuis
750 360 823 424 &
856 360 1225 431 Temporalibus
1253 361 1564 423 AcfZioni-bus,
1597 363 1669 426 &³
1701 384 1808 433 quae

501 441 572 492 ad
601 439 858 501 HaeredeS,
898 438 971 501 &²
1009 439 1062 489 in
1101 438 1340 489 Haeredes
1378 436 1668 505 Transeunt.

423 557 458 583 1.
489 544 582 584 Hoc
603 541 697 583 loco
720 538 965 580 admonendi
987 537 1133 589 sumus,
1163 553 1226 580 eas
1250 538 1411 592 quidem
1441 538 1631 588 actiones,
1659 554 1746 593 quae
1765 556 1811 580 ex

362 608 487 661 Lege,
517 603 730 646 Senatusve
751 603 952 651 consulto,
980 601 1056 643 five
1086 616 1134 641 ex
1163 602 1281 644 sacris
1313 602 1666 643 constitutionibus
1695 606 1813 658 profi-

361 670 563 711 ciscuntur
592 673 791 723 perpetuo
824 667 954 708 solere
986 666 1207 720 antiquitus
1237 677 1490 721 competere,
1532 667 1662 708 donec
1695 670 1811 711 ihcrae

361 735 684 776 constitutiones
710 744 790 774 tam
811 734 851 773 in
872 746 971 782 rem,
999 746 1117 786 quam
1139 733 1178 772 in
1199 732 1408 787 personam
1436 733 1661 787 actionibus
1680 746 1812 775 certos

361 801 458 841 fines
483 801 682 842 dederunt
702 819 711 840 :
740 814 803 840 eas
825 812 938 850 vero,
967 813 1056 852 quae
1074 813 1120 839 ex
1142 799 1308 853 propria
1327 799 1516 839 Praetoris
1535 798 1811 853 jurisdid‘cione

361 863 555 917 pendent,
583 863 818 919 plerumque
847 862 954 902 intra
979 875 1124 902 annum
1152 861 1305 909 vivere,
1332 874 1421 903 nam
1439 866 1473 903 ὃ(
1492 860 1606 915 ipsius
1624 863 1813 904 Praetoris

364 929 470 969 intra
490 943 638 969 annum
657 939 742 969 erat
763 928 988 981 imperium.

420 1006 457 1033 2.
490 995 587 1034 Non
606 1001 736 1032 autem
758 1004 894 1030 omnes
912 989 1117 1040 Actione&
1144 1004 1231 1043 quae
1265 989 1303 1028 in
1334 988 1504 1042 aliquem
1525 1000 1593 1029 aut
1614 987 1700 1043 ipso
1724 990 1811 1044 jure

363 1064 611 1109 competunt,
642 1067 711 1095 aut
744 1069 765 1094 a
785 1059 964 1096 Praetore
998 1053 1158 1103 dantur,
1187 1060 1219 1095 &1
1240 1053 1278 1093 in
1299 1052 1473 1092 haeredem
1504 1058 1617 1106 aeque
1650 1068 1811 1108 compe-

361 1128 468 1170 tunt,
497 1130 566 1160 aut
588 1119 675 1160 dari
693 1119 838 1160 solent.
898 1120 963 1159 Est
978 1119 1084 1158 enim
1105 1118 1311 1159 certiffima
1330 1118 1428 1172 juris
1447 1117 1600 1172 regula,
1628 1132 1675 1159 ex
1693 1119 1812 1159 male-

360 1182 459 1223 ficiis
484 1184 666 1237 poenales
696 1184 875 1225 adtiones
902 1183 944 1222 in
963 1182 1162 1223 haeredem
1196 1183 1258 1222 rei
1291 1196 1373 1221 non
1394 1191 1652 1235 competere3
1684 1183 1812 1222 veluti

353 1247 469 1300 finti,
498 1248 538 1289 vi
569 1247 736 1289 honorum
765 1257 967 1303 raptorum,
1002 1248 1239 1303 injuriarum,
1269 1246 1393 1288 damni
1422 1246 1579 1302 injuriae.
1639 1246 1714 1287 Sed
1743 1246 1812 1287 (2ae-

361 1356 495 1405 plenam
513 1370 595 1394 vero
613 1358 710 1406 hujus
727 1360 776 1394 rei
793 1357 1059 1407 explicationem
1082 1357 1286 1403 singularum
1309 1356 1484 1392 Curiarum
1512 1357 1687 1393 varietates
1705 1357 1812 1394 effent

362 1405 610 1453 percurrendae.

410 1455 448 1487 In
466 1453 570 1489 caufis
585 1453 834 1498 criminalibus,
860 1453 883 1488 fi
902 1452 1065 1502 capitales
1082 1452 1158 1496 sint,
1186 1463 1304 1499 utpote
1323 1452 1357 1486 in
1386 1451 1458 1487 Ises&
1481 1451 1663 1499 majestate,
1689 1451 1740 1487 vel
1760 1452 1811 1488 fe-

361 1498 469 1546 Ionia,
493 1502 571 1550 capi
599 1501 760 1549 jubentur
787 1503 855 1536 Rei
879 1504 1004 1549 primo,
1032 1501 1193 1543 secundo,
1217 1501 1250 1536 ἃ.
1277 1501 1406 1542 tertio3
1444 1503 1482 1536 &
1509 1499 1532 1533 fi
1562 1499 1627 1534 hoc
1644 1499 1719 1534 fieri
1739 1513 1808 1536 non

361 1547 473 1595 poffit,
499 1551 535 1583 in
551 1550 726 1584 Comitatu
744 1551 928 1596 quinquies
945 1551 1138 1592 exiguntur,
1166 1553 1203 1584 &
1231 1560 1297 1582 non
1323 1556 1554 1592 comparentes
1579 1547 1712 1590 exleges
1731 1560 1810 1594 pro·

362 1597 566 1630 nunciantur
593 1600 631 1631 &
652 1597 911 1643 proclamantur.
963 1596 998 1630 Si
1019 1608 1097 1629 vero
1117 1596 1308 1639 capiantur,
1334 1595 1460 1627 carceri
1480 1592 1547 1627 fine
1568 1595 1661 1627 omni
1683 1593 1737 1640 spe
1757 1607 1809 1628 re-

361 1641 543 1677 laxationis
559 1642 664 1689 usque
681 1642 725 1678 ad
740 1642 912 1690 judicium
928 1642 1036 1677 latum
1054 1643 1086 1676 in
1105 1641 1302 1687 quibusdam
1320 1640 1422 1674 caufis
1440 1640 1654 1675 mandantur.
1706 1640 1772 1676 Sed
1786 1641 1810 1676 fi

361 1688 408 1723 ob
423 1689 530 1725 levem
555 1689 776 1737 suspicionem
792 1689 940 1732 feloniae,
964 1700 1022 1724 aut
1035 1689 1245 1723 Laricinium
1267 1699 1404 1734 parvum
1423 1689 1498 1734 quis
1517 1689 1683 1736 capiatur,
1707 1689 1808 1724 Vice-

361 1748 477 1772 comes
493 1738 684 1773 cautionem
699 1735 940 1784 fidejussoriam
957 1749 1020 1783 pro
1031 1737 1100 1781 ejus
1115 1736 1361 1782 comparitione
1382 1737 1531 1782 accipere
1551 1736 1670 1783 potest,
1695 1739 1730 1771 &
1746 1749 1806 1771 no-

361 1784 434 1819 lens
459 1784 688 1832 compellitur.
741 1784 811 1820 Alii
834 1796 914 1819 vero
930 1783 1003 1819 sunt
1028 1783 1249 1830 particulares
1276 1785 1310 1817 in
1329 1782 1425 1817 rebus
1447 1783 1675 1817 criminalibus
1691 1796 1809 1831 proce-

361 1831 465 1867 dendi
481 1830 578 1868 modi
593 1833 692 1867 certis
706 1831 810 1867 caufis
825 1830 1016 1878 specialiter
1037 1831 1206 1875 destinati,
1234 1843 1320 1878 quos
1338 1842 1355 1863 e
1371 1830 1497 1866 statutis
1514 1832 1621 1875 regni,
1647 1842 1722 1878 quae
1748 1844 1806 1867 eos

360 1879 494 1926 jubent,
520 1879 671 1914 delibare
690 1880 819 1915 neceffe
837 1880 894 1914 est.

409 1938 580 1983 Perpetuo
597 1935 703 1971 solere
722 1938 910 1983 antiquitus
934 1939 1172 1985 competere,]
1212 1936 1510 1983 Qemadmodum
1530 1936 1619 1980 leges
1637 1946 1804 1984 perpetuae

360 1984 437 2020 sunt
453 1984 699 2029 obligationis;
737 1986 785 2019 ita
804 1988 841 2019 δε
858 1986 1027 2029 Auiones,
1054 1998 1127 2033 quae
1152 1998 1194 2019 ex
1214 1985 1342 2029 legibus
1367 1983 1594 2028 nascebantur,
1620 1995 1714 2018 erant
1734 1994 1804 2028 per-

355 2042 462 2078 petua,
487 2033 533 2067 ita
553 2042 589 2067 ut
605 2033 646 2066 iis
668 2031 761 2067 nullo
784 2045 933 2079 unquam
958 2042 1113 2081 tempore
1142 2031 1423 2080 praescriberetur.
1478 2033 1602 2074 Postea,
1630 2044 1734 2079 quum
1752 2033 1805 2066 in-

360 2079 478 2115 teresse
500 2079 669 2114 videretur
696 2079 907 2127 Reipublicae
935 2080 1011 2114 lites
1029 2079 1210 2128 aliquando
1231 2081 1337 2122 finiri,
1363 2079 1655 2114 constitutionibus
1674 2080 1804 2113 Princi-

361 2139 440 2175 pum
460 2136 597 2162 cautum
614 2127 671 2170 est,
696 2137 732 2162 ut
750 2125 915 2174 ejusmodi
934 2128 1131 2171 actionibus,
1159 2140 1233 2175 quae
1251 2141 1292 2162 ex
1315 2127 1388 2170 lege
1403 2125 1623 2169 descendunt,
1650 2127 1803 2170 triginta,

361 2185 421 2210 aut
439 2173 656 2221 quadraginta
680 2186 843 2209 annorum
866 2174 974 2220 spatio
1001 2175 1284 2222 praescriberetur.
1338 2173 1511 2209 Remanfit
1529 2186 1645 2208 tamen
1668 2175 1802 2220 antiqui

362 2221 517 2257 vocabuli
540 2222 624 2264 usus,
649 2222 801 2270 adeoque
819 2225 856 2257 &
872 2220 1037 2268 ejusmodi
1056 2223 1219 2265 ammes,
1243 2234 1317 2269 quae
1342 2234 1407 2256 non
1432 2220 1491 2255 nisi
1508 2223 1722 2256 circumactis
1739 2222 1803 2255 tri-

362 2271 456 2315 ginta
469 2269 521 2304 vel
537 2269 759 2317 quadraginta
776 2271 868 2304 annis
883 2268 1050 2316 exspirant
1066 2283 1255 2306 PERPETVAE
1274 2279 1401 2304 vocatae
1416 2267 1500 2303 sunt.
1542 2270 1692 2316 Spatium
1708 2270 1800 2303 enirn

361 2331 452 2353 xxx.
473 2330 635 2353 annorum
652 2317 818 2353 veteribus
843 2327 913 2352 erat
931 2317 1011 2359 ψεοὶ,
1037 2321 1074 2353 &
1095 2317 1128 2353 id
1144 2317 1220 2354 satis
1238 2317 1374 2362 longum
1394 2316 1538 2364 spatium
1558 2317 1735 2352 videbatur
1751 2327 1802 2350 ra-

361 2367 458 2402 tione
475 2365 634 2410 hominis,
656 2366 710 2414 jus
730 2365 822 2402 suum
844 2365 1088 2413 persequututi.
1693 2409 1752 2450 d'h

1653 2426 1690 2450 re
1717 2426 1728 2449 t
1755 2425 1798 2448 us
