2059 2812
422 167 429 171 “
452 164 554 227 148
844 156 1105 209 Elementa
1139 153 1287 223 Juris
1304 158 1488 212 Civilis

454 259 624 300 maxime
642 273 663 298 a
681 255 939 310 praesentibus
956 255 1007 296 ad
1025 255 1236 310 praesentes
1252 255 1423 310 scriptae.

514 337 545 370 3.
576 319 692 361 Tales
709 317 918 359 codicillos
935 318 1036 371 saepe
1053 324 1088 360 ὅ(
1109 317 1344 357 moribundi
1373 319 1421 358 ad
1441 319 1613 362 haeredes
1631 320 1718 362 suos
1744 321 1889 363 scribe-

455 385 562 432 bant,
590 383 746 437 quibus,
763 383 858 437 quid
875 383 962 423 fieri
981 382 1030 422 ab
1049 381 1128 422 illis
1148 381 1311 431 vellent,
1331 380 1607 435 significabant.
1666 385 1786 425 Unde
1805 386 1890 439 ple-

452 460 619 501 rumque
637 445 811 488 formam
829 447 1015 499 Epistolae
1044 459 1126 500 prae
1153 444 1191 484 se
1210 444 1391 485 ferebant
1407 468 1418 497 ς
1460 458 1518 496 ut,
1547 449 1592 488 L.
1613 447 1738 489 Titius
1759 451 1885 489 Haere-

453 509 556 550 dibus
568 511 720 565 primis,
749 515 783 551 &
794 510 1009 565 ficbstitutis
1024 510 1204 563 salutem.

506 589 546 624 4.
578 575 731 615 Primus
750 574 946 628 ejusmodi
965 573 1177 614 codicillos
1195 572 1243 612 ad
1262 574 1478 626 Augustum
1499 574 1707 629 scripserat
1728 581 1890 619 L.Len-

452 636 572 685 tulus,
599 638 668 689 qui
698 639 839 677 Romae
871 636 1021 676 fecerat
1050 637 1336 682 testamentum,
1363 640 1397 675 ἃ
1427 639 1661 691 Augustum,
1687 639 1887 692 filiamque

449 700 628 753 haeredes
660 701 909 752 instituerat3
954 700 1098 740 deinde
1117 711 1214 740 vero
1233 698 1428 740 decedens
1457 700 1497 738 in
1519 700 1656 742 Africa
1680 700 1887 757 scripserat

449 764 675 813 codicillos,
703 765 846 818 quibus
865 764 1019 817 aliquid
1040 764 1088 804 ab
1108 762 1327 803 haeredibus
1345 764 1432 803 fieri
1450 766 1634 816 petierat.
1741 766 1889 806 uamvis

449 840 548 869 vero
569 840 660 869 ante
680 844 725 869 ea
744 840 924 883 tempora
952 828 1178 868 inauditum
1205 829 1300 867 effet
1328 842 1400 882 per
1420 830 1651 881 Epistolam,
1681 831 1746 870 vel
1763 831 1888 871 Codi-

449 891 564 931 cillos
596 892 747 932 haeredi
781 892 932 945 aliquid
967 891 1134 946 injungi,
1163 891 1269 944 quod
1302 892 1339 930 ei
1372 892 1634 936 necessitatem
1662 894 1888 946 imponeret

448 953 628 994 ultimam
658 955 763 994 illam
797 953 976 994 defuncti
1009 954 1258 995 voluntatem
1289 953 1511 1007 implendi3
1552 955 1715 1008 parebat
1750 966 1884 996 tamen

449 1021 641 1072 Augustus
661 1018 823 1060 Lentuli
851 1018 1059 1067 codicillis,
1090 1018 1247 1071 ipsiique
1267 1019 1346 1058 filia
1366 1032 1413 1057 ex
1441 1019 1486 1058 iis
1518 1020 1646 1073 legata
1666 1021 1887 1073 praestabat.

447 1082 681 1136 Exemplum
703 1083 898 1135 Principis
930 1082 1048 1123 facile
1082 1082 1227 1122 imitati
1259 1082 1347 1121 sunt
1378 1082 1460 1122 alii.
1515 1086 1656 1138 Qare
1676 1086 1887 1138 Augustus,

445 1147 675 1185 convocatis
693 1146 936 1197 sapientibus
952 1146 1065 1192 viris,
1096 1145 1277 1196 interque
1296 1158 1363 1183 eos
1384 1146 1432 1184 C.
1447 1145 1646 1184 Trebatio
1661 1147 1791 1194 Testa,
1820 1162 1885 1187 cu-

443 1207 504 1259 jus
523 1218 608 1247 tum
632 1209 863 1249 Auctoritas
890 1209 1058 1248 maxima
1089 1217 1190 1255 erat,
1219 1206 1394 1260 quaesivit
1425 1222 1473 1246 an
1496 1209 1624 1261 poffet
1644 1209 1786 1262 recipi,
1815 1224 1889 1251 nec

445 1269 683 1311 abhorreret
708 1286 729 1310 a
754 1272 853 1325 juris
882 1272 1039 1311 ratione
1067 1270 1361 1311 Codicillorum
1389 1270 1510 1309 usus?
1554 1275 1766 1311 Annuente
1784 1274 1884 1313 Tre-

444 1333 576 1383 batio,
614 1342 647 1377 ὃ(
684 1335 784 1374 illud
818 1335 1111 1375 Codicillorum
1148 1334 1372 1373 institutum
1403 1346 1643 1386 magnopere
1673 1336 1886 1387 probante,

445 1401 950 1453 Augustus-auotoritatem
981 1400 1043 1439 illi
1075 1398 1406 1439 accommodavit.
1465 1399 1555 1437 Post
1574 1410 1660 1449 quae
1688 1409 1885 1452 tempora,

443 1477 562 1516 quum
595 1470 629 1505 δε
659 1465 850 1504 Antistius
886 1464 1023 1504 Labeo
1061 1462 1270 1502 codicillos
1307 1461 1482 1507 feciss‘et,
1526 1461 1602 1512 jam
1634 1463 1783 1503 nemini
1813 1464 1887 1504 du-

442 1526 553 1566 bium
573 1538 673 1576 erat,
700 1528 795 1579 quin
815 1528 902 1579 jure
923 1527 1081 1577 optimo
1101 1524 1276 1564 codicilli
1297 1524 1621 1564 admitterentur.

503 1604 540 1636 5.
570 1589 761 1629 Codicilli
783 1603 879 1643 ergo
899 1588 989 1628 sunt
1009 1588 1298 1641 minussolennis
1325 1586 1549 1640 testatorum,
1579 1587 1879 1640 intestatorumve

446 1656 625 1695 voluntas.

501 1727 536 1758 6.
568 1718 760 1758 Codicilli
793 1717 857 1758 vel
889 1717 977 1757 sunt
1000 1718 1163 1771 scripti,
1208 1717 1269 1755 vel
1298 1716 1561 1770 mmcupativi3
1606 1717 1777 1769 itemque
1815 1718 1879 1757 vel

441 1780 602 1834 Testem),
630 1782 693 1820 vel
712 1780 755 1820 ab
777 1780 953 1833 Intestato
972 1780 1082 1828 facti,
1111 1794 1280 1833 quorum
1311 1780 1353 1819 hi
1373 1780 1525 1819 viribus
1547 1779 1625 1818 suis
1644 1779 1850 1821 subfistunt
1872 1802 1883 1831 ;

440 1846 503 1885 illi
521 1859 611 1886 cum
632 1846 865 1886 testamento
886 1844 1103 1894 subsistunt,
1134 1846 1195 1884 vel
1216 1844 1375 1886 cadunt.

441 1956 503 1999 Ep.
525 1955 770 1994 19.--St'mul
783 1956 882 1998 accepi
896 1967 915 1987 a
934 1957 1054 1988 Seleuco
1071 1964 1120 1987 tuo
1137 1956 1255 1996 literas,
1271 1954 1378 2000 statim
1394 1953 1505 2000 quaefivi
1525 1965 1539 1986 e
1556 1953 1649 1987 Balbo
1662 1962 1715 1996 per
1729 1954 1791 1987 CO
1803 1956 1876 1988 DI-

443 2003 470 2034 C
482 2000 650 2043 lLLOS,
676 2003 747 2045 quid
766 2001 831 2045 esset
848 2005 879 2034 in
901 2004 977 2045 lege.

451 2086 454 2090 ι
486 2050 638 2082 Maxime
656 2061 672 2082 a
692 2048 906 2094 praesentibus
924 2047 962 2082 ad
983 2047 1156 2094 praesentcs
1175 2046 1337 2094 scrIptae.]
1377 2048 1500 2081 Seneca
1522 2045 1625 2093 Epist.
1647 2050 1877 2092 55.-—Acleo

440 2094 630 2138 tectmzsum,
656 2097 710 2129 Mi
724 2095 840 2137 Lucili,
866 2105 899 2129 ut
915 2097 1045 2130 dubitem
1064 2108 1102 2129 an
1119 2098 1261 2141 incipiam
1279 2108 1333 2130 non
1351 2097 1378 2129 E
1390 2095 1544 2129 PISTO
1556 2095 1617 2128 LA
1627 2098 1659 2136 S,
1678 2095 1734 2139 secl
1752 2097 1876 2130 CODI—

441 2144 493 2177 CI
504 2143 532 2176 L
543 2144 572 2177 L
582 2146 612 2176 O
623 2145 648 2177 S
670 2143 724 2175 tibi
743 2141 884 2186 scribere.

486 2187 541 2223 Illi
558 2200 632 2223 cum
651 2188 864 2223 Testamento
883 2187 1054 2223 subsistunt
1073 2188 1124 2222 vel
1147 2187 1297 2234 cadunt]
1338 2187 1426 2222 Plin.
1448 2187 1524 2222 Lib.
1544 2200 1576 2222 2.
1595 2187 1696 2235 Epist.
1718 2194 1772 2224 16.

729 2248 769 2283 C.
808 2250 1040 2285 PLINIVS
1077 2250 1360 2284 ANNIANO
1393 2249 1498 2284 SVO
1535 2249 1569 2283 S.

488 2301 537 2338 Tu
553 2305 672 2349 quidem
684 2313 738 2349 pro
755 2302 859 2338 careni
878 2302 933 2338 tud
958 2303 1116 2348 diligentid
1140 2305 1280 2338 admones
1306 2317 1353 2339 me
1370 2306 1398 2338 C
1403 2305 1500 2338 ODI
1507 2305 1535 2338 C
1543 2306 1562 2339 Ι
1567 2305 1705 2340 LLOS
1719 2303 1870 2343 Aciliani,

439 2352 492 2397 qui
509 2363 556 2388 me
571 2364 609 2388 ex
621 2360 710 2399 parte
726 2352 849 2398 instituit
871 2352 1008 2388 haeredem
1025 2361 1079 2398 pro
1096 2364 1150 2388 non
1161 2351 1279 2398 scriptis
1295 2353 1453 2395 habendos,
1477 2353 1548 2398 quia
1565 2364 1621 2388 non
1630 2352 1691 2399 fint
1706 2351 1870 2443 ⁶cbmfirmati

1686 2408 1714 2433 l?
1738 2405 1866 2432 amento.
