2059 2812
546 130 659 192 Lib.
692 133 782 193 πῖ.
855 129 953 193 vt.
990 134 1237 193 mmm
1508 137 1614 208 ’ως

176 241 341 282 Familia
359 236 607 294 Ercifiundae3
638 253 687 280 ex
707 239 836 280 altero
857 238 1035 280 Communi
1059 240 1268 282 dividundo.
1325 234 1487 279 Familia·
1505 239 1611 292 ercis-

174 302 296 342 cundae
327 300 432 341 Atlio
463 301 580 341 datur
598 300 800 342 cohaeredi
827 312 968 341 contra
1000 300 1251 342 cohaeredem
1282 299 1332 340 ad
1359 312 1610 340 communem

172 359 449 401 haereditatem
468 359 737 411 dividendam,
764 367 798 402 ὅ(
819 358 1086 413 praestationes
1113 359 1351 414 personales,
1381 358 1505 399 veluti
1536 357 1610 398 im-

171 422 394 475 pensarum,
422 423 637 478 damnique
656 423 953 464 restitutionem
971 421 1299 476 consequendam.
1356 424 1536 464 Communi
1553 423 1610 464 di-

173 484 331 525 vidundo
351 486 453 525 Anio
475 485 693 526 instituitur
719 500 740 526 a
759 487 874 527 Socio
895 497 1036 527 contra
1055 487 1215 527 Socium
1246 488 1297 527 ad
1323 499 1405 529 rem
1432 503 1609 530 commu-

171 559 258 586 nem
278 546 550 597 dividendam,
578 553 613 589 ὅ(
631 548 900 601 praestationes
917 547 1145 602 personales
1163 547 1464 602 consequendas,

229 624 292 651 12.
323 613 641 651 HAEREDITATIS
671 624 829 651 AD1T10
859 612 914 652 est
943 611 1043 666 quasi
1066 606 1286 660 contractius,
1309 627 1379 667 quo
1405 613 1439 652 is
1458 613 1523 668 qui
1542 613 1608 653 Ιησ-

172 672 367 714 reditatem
387 675 482 725 adit,
510 688 587 714 cum
607 675 816 729 legatariis,
835 679 869 715 &
884 675 1230 729 fideicommiffc'zriis
1245 675 1476 729 contraxiffie,
1494 678 1609 732 seque

172 735 225 777 ad
238 737 374 792 legata,
402 742 436 778 &
454 737 722 789 fideicommissa
734 736 945 791 praestanda
964 738 1127 793 obligaffi’
1147 740 1321 793 confletur.

231 816 292 850 13.
323 801 511 844 Nascitur
541 813 588 839 ex
612 799 691 840 hoc
709 801 811 853 quali
835 802 1044 842 contractu
1064 801 1169 842 Atlio
1192 802 1395 856 personalis
1415 816 1461 841 ex
1485 802 1611 855 Testa-

171 873 304 913 menta,
331 878 408 918 qua
427 863 471 911 ii,
499 862 640 916 quibus
663 862 811 917 aliquid
832 878 879 904 ex
904 865 1140 905 testamento
1159 863 1343 912 debetur,
1371 873 1514 905 contra
1532 864 1608 906 hae-

168 925 321 975 rodem,
350 927 421 980 qui
441 927 556 976 adiit,
583 936 723 981 agunt,
751 928 800 969 ad
822 929 950 984 legata
967 934 1002 970 ὅ(
1018 929 1314 971 fideicommissa
1330 943 1419 970 cum
1433 929 1612 970 acceffio-

169 988 286 1027 nibus
314 995 349 1030 ὃ(
378 988 501 1028 usuris
525 1003 546 1028 a
573 1000 758 1043 tempore
785 1004 922 1041 morae,
950 991 1185 1045 damnaque,
1212 991 1329 1046 culp&
1357 992 1477 1032 etiam
1495 992 1611 1035 levis-

168 1049 260 1090 suna
285 1049 390 1100 data,
418 1050 650 1104 praestanda.

227 1127 291 1162 14.
321 1114 511 1167 Denique
539 1127 739 1155 INDEBITI
768 1127 959 1156 SOLVTIO
990 1117 1045 1156 est
1073 1117 1174 1172 quast
1190 1116 1392 1157 contraitis
1424 1133 1493 1172 quo
1525 1119 1613 1172 quis.

169 1190 217 1218 ex
235 1191 350 1217 errore
363 1176 461 1230 faHi
480 1177 534 1228 id,
562 1178 660 1232 quod
672 1178 893 1218 naturaliter
911 1178 1108 1220 indebitum
1127 1192 1208 1221 erat
1226 1181 1413 1235 solvendo,
1441 1182 1612 1234 alterum,

170 1243 235 1297 qui
253 1255 299 1280 ex
318 1241 529 1295 ignorantia
547 1242 684 1296 accepit
704 1242 757 1282 ad
769 1242 1031 1296 restitutionem
1049 1244 1212 1299 obligaffi
1231 1247 1404 1298 censttur.

225 1320 290 1353 15.
320 1308 380 1344 Ex
414 1305 492 1346 hoc
525 1306 631 1359 quasi
661 1308 886 1357 contractu,
915 1308 1089 1350 nascitur
1124 1310 1298 1350 condiuio
1325 1309 1494 1358 indebiti,
1521 1324 1611 1363 quae

168 1370 278 1411 aecio
292 1368 414 1423 stritli
438 1369 537 1423 juris
564 1370 760 1423 competit
780 1371 832 1420 ei,
861 1371 932 1424 qui
957 1370 1178 1411 indebitum
1198 1386 1271 1426 per
1289 1385 1470 1413 errorem
1489 1372 1611 1413 solvit

169 1441 311 1473 contra
338 1431 614 1484 accipientem,
643 1430 771 1485 ejusve
792 1431 992 1473 haeredem
1015 1431 1064 1472 ad
1093 1433 1382 1474 restituendum
1413 1434 1470 1484 id,
1498 1430 1612 1489 quod

168 1495 342 1536 solutum
362 1508 449 1537 cum
466 1493 662 1536 fluetibus
681 1499 715 1536 ὅ(
734 1494 1029 1547 acceffionibus,
1057 1509 1140 1536 non
1164 1510 1262 1537 vero
1282 1511 1373 1539 cum
1396 1496 1536 1541 usuris.

217 1602 365 1638 Familiae
381 1602 581 1638 erciscundae
596 1601 720 1649 Aetio]
759 1604 811 1638 Ut
830 1603 965 1639 videtur
993 1603 1078 1650 Festo,
1104 1607 1228 1641 Ertium
1246 1618 1263 1640 a
1289 1605 1444 1641 coercendo
1468 1605 1612 1653 dietum}

169 1650 262 1685 unde
279 1652 463 1697 erciscundae,
489 1655 526 1686 &
545 1651 659 1696 ercisci.
715 1650 852 1684 Eretum
868 1662 949 1695 ergo
968 1651 1011 1684 cst
1029 1652 1119 1698 quasi
1136 1655 1307 1696 coercitum,
1335 1653 1370 1687 id
1385 1654 1431 1688 est
1447 1656 1612 1701 integrum,

169 1697 338 1743 indivisum.
391 1700 446 1732 Cio
464 1711 543 1732 vero
560 1698 710 1744 antiquis
729 1697 818 1731 idem
836 1696 901 1731 fuit
919 1710 955 1732 ac
974 1700 1081 1734 divido.
1133 1699 1237 1734 Unde
1252 1699 1339 1748 apud
1357 1700 1513 1739 Servium
1537 1705 1612 1738 Do·

170 1755 267 1780 natus
280 1745 562 1791 interpretaturus
581 1744 640 1779 illa
656 1744 794 1788 Virgilii
810 1744 947 1779 AEneid.
967 1758 1060 1780 v111.
1079 1744 1120 1780 ad
1138 1746 1252 1781 finem.

683 1794 844 1828 ——C
850 1794 868 1826 I
874 1792 907 1826 T
902 1794 946 1827 ΑΞ
963 1792 1101 1827 Metium
1118 1795 1149 1829 in
1166 1794 1282 1838 diversa
1299 1795 1449 1841 quadriga

504 1839 548 1873 Di
572 1841 744 1873 ulerunt.-

171 1884 278 1920 Addit
294 1887 367 1928 cito,
393 1885 428 1920 id
443 1884 499 1927 est,
524 1838 650 1928 distvisae‚
677 1895 715 1920 ut
733 1887 777 1921 est
793 1888 827 1920 in
843 1887 919 1934 jure
940 1897 1049 1921 tuero
1076 1899 1150 1923 Non
1178 1899 1279 1931 erro,
1305 1887 1339 1922 id
1356 1888 1411 1930 est,
1439 1889 1608 1924 Patrimo-

173 1933 248 1976 nio,
271 1932 323 1966 vel
342 1932 541 1967 haereditate
558 1945 614 1968 non
631 1934 737 1978 divisa.
791 1932 893 1967 Unde
902 1933 1058 1978 familiam
1076 1938 1186 1969 erciam
1201 1936 1280 1969 ciere
1292 1934 1383 1970 idem
1398 1937 1466 1970 erit
1484 1948 1523 1972 ac
1541 1937 1608 1972 hae-

172 1978 351 2014 reditatem
374 1981 534 2025 integram,
561 1983 598 2015 &
617 1980 773 2026 indivisam
799 1979 960 2015 dividere.
1014 1983 1064 2016 Ex
1088 1981 1154 2016 illis
1168 1982 1316 2029 antiquis
1329 1991 1432 2029 atque
1446 1981 1608 2020 obsoletis

173 2025 311 2061 vocibus
328 2035 403 2061 nata
420 2028 464 2062 est
505 2026 595 2062 ostea
612 2027 733 2074 phrafis
747 2029 906 2064 Familiam
923 2026 1075 2072 erciscere,
1098 2040 1172 2075 quae
1187 2030 1335 2063 occurrit
1352 2028 1443 2076 apud
1467 2030 1608 2066 Cicero·

173 2084 250 2107 nem
268 2071 309 2107 de
319 2075 417 2109 Orat.
434 2039 547 2109 Liga.
684 2076 749 2110 Nec
757 2075 784 2121 fi
796 2077 884 2120 parvi
901 2077 1016 2122 navigii
1032 2075 1070 2111 &
1084 2077 1185 2121 magni
1199 2077 1302 2111 eadem
1319 2076 1357 2118 cll
1369 2078 1401 2111 in
1412 2078 1607 2121 gubernando

166 2120 314 2165 scientia,
338 2122 456 2163 idcirco,
481 2124 544 2167 qui,
569 2122 674 2167 quibus
691 2124 787 2158 verbis
803 2123 894 2158 ERC
903 2122 1007 2158 TVM
1030 2125 1084 2159 CI
1088 2125 1182 2159 ERE
1208 2133 1358 2169 oporteat,
1376 2124 1504 2172 nesciat,
1527 2126 1609 2162 idem

175 2166 374 2205 HERCISC
380 2170 410 2206 V
411 2170 523 2206 NDAE
546 2169 752 2207 FAMILIAE
776 2169 898 2217 causam
911 2182 1002 2218 agere
1017 2182 1072 2206 non
1083 2172 1179 2219 possaet.

898 2317 1002 2360 Da
1445 2315 1611 2368 va
