2059 2812
575 156 688 209 L'ib.
726 157 820 210 IV.
893 156 990 210 Tit.
1030 157 1225 210 XVIII.
1529 181 1632 228 295

247 276 311 309 29·
344 259 437 313 Lege
456 256 560 308 Julia
578 255 875 310 Repetundarum
898 266 1072 306 tenetur,
1100 258 1169 310 qui
1201 272 1288 299 cum
1318 259 1490 313 aliquam
1520 274 1633 314 pote-

192 325 329 365 statem
350 322 531 370 haberet,
561 321 767 374 pecuniam
788 320 842 359 ob
865 319 1136 374 judicandum,
1165 321 1506 364 decernendumve
1528 340 1634 372 acce-

192 390 326 440 perit‚·
371 385 432 425 vel
465 399 545 438 quo
578 385 716 440 magis,
749 384 814 424 vel
848 385 976 424 minus
1009 383 1108 438 quid
1139 400 1186 425 ex
1215 387 1348 427 officio
1380 389 1449 428 suo
1469 389 1631 432 faceret.

192 456 318 492 Poena
340 449 454 503 hujus
480 451 596 503 Legis
616 447 934 488 extraordinaria
963 449 1044 499 est3
1080 462 1184 489 nunc
1205 449 1413 505 relegati0‚
1444 453 1504 492 vel
1524 455 1636 495 ordi-

190 516 252 555 nis
272 515 450 564 amoti03
481 527 588 553 nunc
608 512 784 563 exilium,
805 512 867 551 vel
886 512 1004 552 etiam
1024 525 1144 560 more,
1169 528 1246 567 pro
1268 516 1390 556 modo
1405 517 1569 568 scilicet,
1599 526 1633 561 ὅ(

190 578 381 630 qualitate
406 575 574 616 sceleris.
632 575 839 616 Interdum
861 575 982 615 etiam
1006 575 1218 630 quadrupli
1250 592 1370 631 poena
1400 593 1472 620 reo
1506 583 1634 637 impo-

189 651 319 681 nitur.

946 697 1059 736 Frater,
1085 698 1190 738 Pater,
1216 698 1313 738 adde3

527 744 578 776 ‘Ut
596 743 703 785 cuique
719 739 757 786 est
773 750 849 783 atas,
875 743 920 775 ita
937 754 1083 787 quemque
1094 742 1214 786 facetus
1231 745 1349 789 adopta.

191 790 272 824 Nec
292 789 438 838 pudebat
463 799 519 822 eos
538 787 572 822 ἁ
585 786 767 831 frontem&
782 790 910 831 vultum,
935 788 1147 834 &sermonem
1167 792 1206 824 ad
1228 804 1335 833 eorum,
1361 793 1545 840 quoscunque
1562 808 1632 831 con-

191 848 345 878 venerant,
364 835 483 881 sensum
503 833 540 869 (y
568 837 748 868 voluntatem
776 846 963 869 commutare.
976 857 1045 861 ———
1059 838 1130 870 Cic.
1148 837 1191 871 de
1214 848 1280 884 pet.
1298 839 1435 873 Consul.
1454 844 1494 875 X.

192 885 290 929 Opus
305 895 406 930 porro
421 891 492 916 erat
503 881 703 927 Adsiduitate‚
723 892 782 914 nec
802 893 918 928 parum
936 883 1088 928 prodesse
1105 883 1278 919 videbatur
1291 886 1481 922 candidatis
1497 889 1534 924 ad
1542 888 1631 925 {idue

191 930 256 964 effe
271 933 392 965 Romae
405 940 506 975 atque
521 930 552 961 in
571 927 658 970 foro,
686 928 769 975 saepe
783 928 914 963 eosdem
933 931 1112 978 adpellare,
1140 932 1280 975 ambire,
1307 932 1472 979 prensare,
1499 949 1626 981 rogare.

190 977 393 1012 Circuibant
414 988 496 1020 ergo
516 973 628 1009 forum
657 974 817 1022 supplices
836 977 976 1024 populo,
1005 979 1191 1012 circuibant
1212 982 1325 1014 omnia
1345 981 1449 1015 Italiae
1470 984 1631 1019 concilia-

190 1024 280 1068 bula,
307 1023 561 1071 prehendcbant
575 1021 779 1065 fingulorum
798 1021 942 1066 dextras,
967 1025 1131 1059 beneficia
1147 1025 1198 1060 sua
1220 1030 1252 1061 in
1269 1026 1409 1071 fingulos
1425 1042 1631 1066 commemo-

190 1072 322 1114 rabant,
350 1073 525 1104 cicatrices
551 1069 682 1115 pectore
702 1068 829 1103 nudato
852 1070 1081 1114 ostendebant,
1112 1077 1148 1107 &
1172 1086 1246 1119 quae
1269 1085 1362 1108 erant
1381 1076 1476 1122 hujus
1499 1081 1631 1122 generis

191 1118 272 1154 alia.
323 1117 389 1151 Sed
422 1118 601 1151 maximum
631 1126 839 1151 momentum
863 1117 1004 1153 babebat
1025 1121 1213 1165 Benignitfts,
1252 1120 1272 1155 fi
1304 1122 1430 1168 populo
1459 1123 1631 1160 dediffent

191 1167 379 1210 congiaria,
404 1163 560 1205 Prandia,
582 1174 731 1197 munera.
781 1164 815 1197 Iu
845 1175 885 1197 eo
909 1177 989 1198 vero
1008 1165 1094 1201 haud
1125 1166 1268 1201 substitit
1289 1169 1555 1207 Candidatorum
1576 1175 1632 1207 In-

191 1211 326 1247 dustria.
379 1213 470 1257 Saepe
490 1212 532 1244 eo
550 1207 693 1256 prolapfi
713 1208 788 1244 sunt
809 1210 1039 1258 Impudentiae,
1066 1223 1102 1248 ut
1121 1213 1281 1261 praesente
1312 1218 1452 1263 pecunia
1475 1230 1631 1254 emerent

188 1259 355 1303 suffragia,
382 1269 489 1303 eaque
515 1256 557 1290 de
581 1256 676 1291 causa
699 1255 810 1291 secum
838 1258 1066 1303 producerent
1092 1263 1285 1306 Imenaretes,
1312 1275 1370 1310 per
1401 1276 1485 1310 quos
1516 1267 1630 1301 Paetio

189 1306 406 1341 induceretur
432 1304 599 1350 Sequestros
614 1331 623 1346 ‚
660 1303 748 1350 apud
773 1317 858 1350 quos
881 1306 1109 1354 deponeretur
1132 1309 1289 1353 Pecunia,
1321 1310 1354 1345 δι
1372 1312 1540 1358 Divifhres,
1568 1314 1629 1360 qui

188 1353 324 1398 fingulis
341 1364 496 1387 nummos
518 1351 778 1393 distribuerent,
807 1354 917 1388 Immo
941 1354 1024 1402 saepe
1046 1355 1200 1390 adhibita
1213 1356 1274 1392 Vis
1300 1358 1357 1402 est,
1381 1359 1477 1394 turba
1500 1360 1552 1395 vel
1578 1360 1630 1396 fa-

190 1402 305 1435 &ione
334 1398 513 1441 conducta,
551 1410 626 1446 quae
652 1408 815 1434 terrorem
841 1401 1010 1437 incuteret
1036 1403 1175 1451 populo,
1202 1416 1308 1451 eaque
1340 1418 1630 1445 SODALITIORVM

188 1449 325 1482 nomine
342 1448 445 1482 venit.

238 1495 356 1539 Qum
371 1505 454 1537 ergo
473 1502 538 1527 tam
556 1502 653 1538 turpe
668 1492 787 1527 vitium
808 1503 874 1529 tam
892 1495 972 1530 altas
993 1495 1111 1541 egisset
1130 1497 1273 1539 radices,
1298 1499 1383 1533 nihil
1401 1501 1524 1549 reliqui
1540 1502 1631 1539 fece-

189 1553 263 1576 runt
282 1543 441 1583 Romani,
468 1549 506 1573 ut
534 1538 617 1573 illud
649 1539 778 1584 legibus
799 1554 897 1588 quarn
923 1543 1074 1589 plurimis
1101 1557 1308 1588 coercerent,
1336 1551 1373 1582 δε
1391 1545 1465 1582 sane
1489 1562 1555 1584 non
1580 1562 1630 1586 te-

189 1589 279 1622 mere
297 1587 405 1622 ullum
422 1587 467 1620 est
484 1585 653 1620 Delictum
672 1586 854 1633 publicum,
879 1589 923 1624 de
937 1602 1005 1636 quo
1022 1602 1073 1625 tot
1087 1593 1216 1627 exstent
1229 1593 1331 1637 leges,
1357 1606 1442 1640 quot
1460 1596 1631 1634 deAmbitu

193 1636 270 1670 larae
295 1634 380 1669 sunt.

237 1684 320 1730 Jure
349 1680 519 1715 Canonico
548 1677 702 1713 Ambitus
725 1678 851 1714 dicitur
875 1692 1069 1726 SIMONIA,
1099 1696 1117 1718 a
1142 1686 1263 1719 Simone
1280 1687 1392 1732 Mago,
1428 1691 1483 1724 cui
1513 1693 1630 1729 Petrus

189 1728 383 1769 maledixit,
407 1726 501 1774 quod
526 1724 566 1759 ab
582 1726 744 1772 Apostolis
758 1728 900 1774 Spiritus
913 1729 1024 1763 Sancti
1044 1732 1186 1773 gratiam
1211 1734 1352 1779 pecunia
1379 1747 1491 1771 emere
1506 1738 1625 1775 voluit.

189 1776 241 1810 Est
255 1776 343 1810 enim
357 1776 503 1816 Simonhz,
528 1784 602 1807 cum
617 1773 745 1819 aliquid
763 1785 822 1820 pro
837 1775 1073 1819 Spiritualibus
1090 1779 1240 1822 exigitur
1254 1778 1306 1814 vel
1323 1784 1549 1827 promittitur.

241 1841 334 1883 Lege
348 1837 442 1885 Julia
458 1840 719 1887 Repetundarum]
759 1840 992 1886 Subintellige‚
1019 1845 1226 1878 Pecuniarum.
1280 1845 1388 1880 Graeci
1406 1846 1525 1881 dicunt
1539 1850 1630 1892 κρίνειν

190 1886 248 1919 m&
272 1886 406 1923 ῃκὼπως
426 1886 551 1930 {mamis
564 1888 703 1928 judicare
721 1890 850 1934 aliquem
866 1890 1094 1933 repetundarum
1109 1907 1118 1930 ;
1148 1895 1184 1926 ὃ(
1203 1891 1308 1926 οὐδύνας
1325 1893 1405 1929 'banau
1420 1895 1562 1930 damnari
1578 1910 1629 1930 re-

185 1935 397 1978 petundarum.
440 1934 684 1978 Repetundarum
698 1935 866 1980 judicium
885 1936 940 1978 est,
968 1949 1037 1983 quo
1052 1936 1134 1971 socii
1154 1939 1374 1985 provinciales
1393 1944 1551 1986 pecunias
1570 1943 1628 1979 fibi

189 1993 208 2014 a
226 1978 468 2024 magistratibus
488 1980 750 2016 provincialibus
770 1994 887 2017 contra
913 1983 1019 2027 legem
1041 1994 1170 2029 ereptas
1187 1995 1324 2030 repetunt
1343 2005 1352 2027 ς
1393 1989 1480 2022 unde
1499 1993 1628 2025 Socialis

191 2027 260 2061 haec
282 2028 336 2062 lex
355 2040 372 2062 a
393 2029 533 2063 Cicerone
549 2029 583 2061 in
600 2029 727 2063 Verrinis
744 2040 897 2072 vocatur,
916 2035 952 2066 ὃς
970 2031 1036 2065 hoc
1052 2031 1180 2077 judicio
1198 2035 1317 2078 exlege
1329 2033 1421 2081 Julia
1438 2037 1541 2070 etiam
1566 2050 1630 2085 po-

190 2083 278 2107 terat
297 2076 351 2118 agi
369 2073 518 2109 adversus
537 2086 605 2119 cos,
631 2075 672 2109 ad
688 2089 774 2123 quos
790 2089 829 2111 ea
844 2079 1202 2124 pecunia-pervenerit.
1243 2082 1340 2115 Licet
1357 2081 1509 2117 videatur
1524 2087 1627 2121 etiam

189 2121 286 2156 exilii
303 2134 402 2167 poena
417 2120 512 2156 fuiffe
529 2122 719 2157 constituta
733 2123 990 2171 repetundarum
1007 2125 1351 2175 damnatis.-—Juv.
1370 2129 1438 2164 Sat.
1455 2132 1482 2165 1.
1503 2132 1598 2178 v.48.

838 2173 883 2206 Et
906 2174 953 2207 ln'c
977 2175 1137 2208 damnatus
1160 2176 1244 2209 inani

517 2215 646 2264 Judicio
675 2217 688 2263 (
701 2220 772 2262 quid
790 2221 867 2253 enim
883 2217 979 2263 fizlvis
996 2220 1127 2264 infamia
1150 2223 1278 2257 nummis
1289 2219 1326 2266 ἒ)

524 2264 595 2298 EX
601 2266 630 2299 V
632 2265 662 2298 L
687 2266 725 2299 ab
741 2269 845 2301 oetava
861 2267 982 2302 Marius
998 2269 1081 2309 bibit,
1108 2266 1145 2302 Θ
1156 2267 1270 2312 fruitur
1286 2271 1359 2305 Diis

525 2312 629 2357 Iratis,
654 2321 688 2347 at
704 2322 738 2348 tu
754 2315 868 2351 Victrix
880 2317 1035 2360 provincia
1048 2316 1164 2361 ploras·

1532 2419 1622 2457 Plin.
