2059 2812
390 160 496 209 288
776 130 1046 203 'Elementa
1081 145 1231 216 Juris
1263 147 1434 204 Civilis

452 245 527 296 18(
545 248 776 293 Lenocinium
795 250 864 300 est,
894 250 1035 304 quando
1055 250 1139 304 quis
1156 248 1327 302 sbrminas
1348 249 1438 289 aliis
1456 247 1605 303 quaestus
1626 246 1732 304 'eausa
1744 258 1828 305 pro-

379 315 528 370 stituit.
593 317 719 355 Poena
747 312 928 367 capitalis
945 314 1014 366 est,
1041 312 1067 354 fi
1086 313 1174 368 quis
1189 312 1312 355 filiam
1329 312 1396 354 vel
1415 327 1577 355 uxorem
1603 313 1830 368 prostituat,

390 379 484 418 alias
506 377 733 419 arbitraria.

449 457 509 490 19·
541 446 625 483 Lex
659 441 819 481 Cornelia
852 441 895 481 de
926 442 1080 482 Sicariis
1112 450 1273 482 coercet
1306 439 1533 491 Homicidia,
1569 446 1603 482 ὃ(
1636 441 1827 492 Veneficia.

392 505 592 546 Homicida
610 520 709 547 vero
732 508 801 554 est,
829 506 900 558 qui
921 505 1019 546 dolo
1045 505 1152 546 malo
1180 506 1382 546 hominem
1411 504 1589 557 occidit;
1619 507 1688 557 qui
1714 505 1831 545 dolus

392 571 513 611 etiarn
533 570 797 623 praesumitur,
823 569 851 608 fi
870 571 957 622 quis
976 570 1151 609 hominis
1174 569 1382 611 occidendi
1402 569 1516 610 causa
1535 583 1623 609 cum
1646 569 1731 609 telo
1750 583 1831 609 am-

391 635 515 677 bulat.
575 632 851 674 Homicidium
869 633 949 673 tale
967 633 1123 686 dolosum
1142 633 1286 685 capite,
1315 630 1419 686 culpa
1448 631 1692 673 commiffum
1719 643 1831 672 extra

391 698 576 738 ordinem
590 696 757 750 punitur
768 718 780 749 3
810 697 893 750 casu
911 696 1159 737 commiffum
1178 709 1200 734 a
1224 708 1347 748 poena
1362 697 1534 737 immune
1555 696 1626 746 est,
1653 709 1777 749 eoque
1795 701 1830 737 ἃ

391 760 651 801 moderamen
671 759 880 814 inculpatae
899 758 1037 799 tutelae
1056 758 1248 812 pertinet.

731 870 768 903 In
783 866 844 914 qud
867 871 992 905 civitate
1009 869 1132 904 tandem
1158 878 1188 902 te
1209 869 1358 903 arbitrare
1373 870 1470 903 vivere
1486 874 1499 902 ἓ

727 916 875 961 Virginem
893 915 1014 962 vitiasti,
1040 928 1134 962 quam
1154 926 1183 950 te
1201 918 1253 957 jus
1276 928 1329 949 non
1346 914 1452 960 ficerat
1469 926 1603 961 tangere.

871 967 917 999 At
929 964 1080 1009 postquam
1097 965 1127 997 id
1141 965 1252 1004 evenit,
1277 964 1358 1005 cedo,

726 1013 806 1047 Bono
827 1015 928 1046 animo
950 1025 992 1053 es,
1022 1013 1124 1045 Duces
1146 1022 1265 1045 uxorem
1289 1011 1375 1044 hanc.

392 1075 522 1110 Verum
541 1071 563 1106 fi
583 1072 728 1120 pretium
747 1072 925 1121 accepisset
943 1071 1010 1107 five
1026 1073 1134 1115 virgo,
1160 1070 1227 1107 five
1245 1080 1350 1105 mater
1363 1069 1453 1105 illius
1469 1070 1509 1106 ab
1525 1069 1749 1115 adolescente,
1772 1073 1833 1119 qui

391 1119 640 1166 compresserat,
667 1120 758 1163 leges
776 1133 843 1154 non
862 1119 1029 1164 cogebant
1046 1131 1119 1153 eam
1148 1119 1181 1153 in
1200 1130 1338 1153 uxorem
1358 1117 1507 1161 ducere5
1544 1117 1641 1166 quod
1659 1118 1833 1164 colligitur

391 1180 434 1202 ex
446 1167 579 1213 Sostrata
593 1168 778 1202 Terentiana
796 1167 904 1201 verbis
917 1169 951 1200 in
969 1166 1088 1212 Adelp.
1107 1166 1170 1199 111.
1192 1178 1225 1199 2.

725 1229 831 1271 Pejore
847 1240 895 1262 res
913 1231 972 1264 loco
986 1240 1042 1262 non
1056 1226 1148 1273 potest
1165 1226 1230 1271 effe,
1256 1239 1346 1272 quam
1364 1230 1393 1262 in
1410 1240 1465 1273 quo
1483 1241 1560 1263 nunc
1571 1228 1631 1275 fita
1645 1228 1696 1275 cst.

728 1278 864 1311 Primum
881 1278 1020 1311 indotata
1039 1275 1075 1321 cst
1089 1289 1099 1308 .·
1127 1283 1190 1309 tum
1203 1284 1360 1318 praeterea‚
1384 1287 1445 1320 quae
1457 1275 1593 1319 secunda
1611 1278 1639 1310 ei
1657 1276 1706 1310 dos
1719 1285 1800 1319 erat,

725 1324 822 1358 Periit
836 1338 846 1357 .·
868 1333 922 1368 pro
940 1325 1056 1368 virgine
1074 1323 1140 1356 dari
1158 1331 1282 1366 nuptum
1300 1335 1355 1356 non
1372 1325 1477 1367 potest.
1506 1325 1558 1357 hoc
1576 1325 1727 1368 reliquum
1744 1322 1782 1369 est
1799 1338 1813 1366 3

728 1373 783 1405 Sin
800 1371 914 1416 inficias
931 1373 997 1413 ibit,
1024 1369 1103 1415 testis
1121 1381 1235 1403 mecum
1252 1368 1290 1414 est
1305 1371 1448 1412 annulus,
1474 1382 1562 1414 quem
1577 1368 1731 1414 amiserat.

726 1418 868 1464 Pqstremo
892 1420 1008 1464 quando
1028 1429 1080 1463 ego
1103 1416 1217 1462 conscia
1241 1417 1313 1451 mihi
1327 1416 1408 1461 sum,
1435 1429 1455 1451 a
1477 1430 1524 1452 me
1550 1419 1671 1463 culpam
1688 1415 1741 1462 effe
1758 1417 1835 1451 hanc

842 1468 923 1500 rocul
938 1482 946 1500 :

727 1476 838 1558 Nequi’³
855 1515 880 1548 P
890 1515 918 1547 R
928 1516 955 1548 E
969 1509 1026 1549 TI
1035 1511 1126 1555 VM,
1151 1523 1245 1558 neque
1261 1523 1323 1546 rem
1338 1512 1432 1546 ullam
1448 1510 1630 1558 intercessisse
1644 1509 1700 1546 illi
1719 1519 1774 1546 aut
1790 1522 1837 1546 me

823 1561 991 1604 indignam,

727 1608 894 1651 Experiar,
921 1609 1020 1639 Geta.

441 1677 514 1709 Lex
532 1675 668 1708 Cornelia
687 1674 722 1708 de
734 1673 879 1716 Sicariis]
915 1673 999 1707 Cum
1012 1675 1077 1718 lege
1092 1674 1229 1708 Cornelia
1247 1671 1290 1706 de
1307 1672 1441 1718 injuriis
1458 1674 1540 1722 Sylla
1560 1673 1695 1707 texisset
1712 1672 1835 1710 famam

393 1723 537 1763 civium,
562 1720 626 1754 alia
644 1721 731 1754 texit
749 1721 851 1753 vitam
870 1718 911 1755 ab
928 1719 1059 1754 infidiis
1085 1719 1321 1754 sceleratorum
1343 1720 1532 1763 hominum,
1559 1733 1634 1766 quae
1649 1721 1837 1768 appellatur

394 1769 464 1803 Lex
477 1769 617 1803 Cornelia
635 1768 670 1801 de
684 1768 811 1801 Sicariis
825 1765 862 1801 ό·
876 1767 1040 1812 Veneficiis‚
1067 1770 1103 1802 &
1119 1768 1274 1813 quamvis
1290 1766 1364 1801 aliis
1383 1779 1554 1802 armorum
1569 1768 1747 1812 generibus
1761 1770 1838 1802 vitae

395 1815 575 1850 hominurn
601 1824 825 1862 appetantur3
864 1824 976 1848 tamen
995 1814 1074 1862 quia
1093 1814 1158 1860 ficae
1182 1812 1256 1848 usus
1283 1813 1500 1848 commodior
1518 1826 1588 1849 erat
1616 1819 1653 1850 &
1671 1814 1837 1858 usitatior,

395 1862 437 1897 ab
455 1875 493 1897 ea
511 1862 618 1906 legem
644 1861 769 1908 placuit
791 1860 969 1908 appellare.
1025 1861 1078 1895 Est
1097 1863 1188 1896 enim
1197 1861 1398 1908 fica.parvus
1416 1861 1512 1904 ensis,
1536 1874 1574 1896 ac
1592 1873 1749 1905 retortus,
1776 1864 1837 1909 qui

395 1908 454 1943 sub
472 1909 615 1944 vestibus
641 1908 772 1943 facilius
798 1909 881 1942 latet
908 1909 1006 1942 instar
1034 1907 1157 1943 Perfici
1189 1909 1352 1944 Acinacis.
1491 1910 1603 1945 Tacit.
1620 1909 1738 1944 Annal.
1758 1908 1833 1944 Lib.

395 1958 494 1991 XIII.
514 1968 570 2002 45.
693 1959 954 2002 Commoveratque
976 1955 1117 2001 quosdam
1142 1957 1348 2001 magnitudine
1372 1958 1523 2001 exempli:
1550 1958 1636 1991 donec
1659 1959 1773 1991 ancilla
1798 1969 1837 1991 ex

397 2005 518 2039 vulnere
538 2003 650 2047 resec‘Za
668 2016 768 2039 verum
786 2005 926 2047 aperuit3
949 2003 1166 2050 postulatusque
1179 2003 1258 2048 κρατί
1275 2003 1402 2049 consules
1419 2016 1438 2037 a
1450 2013 1540 2048 patre
1568 2003 1739 2048 interficia,
1760 2004 1838 2049 post-

396 2063 489 2132 :Jiuam
515 2051 670 2086 tribunatu
685 2053 816 2093 abierat,
834 2051 988 2095 fientemia
1000 2060 1139 2096 patrum,
1164 2050 1202 2086 ὠ·
1226 2052 1255 2085 L
1264 2053 1293 2086 E
1303 2053 1336 2086 G
1347 2053 1376 2086 E
1405 2052 1439 2084 D
1449 2053 1479 2086 E
1507 2053 1530 2085 S
1538 2053 1557 2086 Ι
1564 2053 1621 2086 CA
1633 2053 1687 2086 RI
1694 2054 1712 2086 I
1720 2054 1742 2085 S
1768 2064 1838 2086 con-

418 2108 567 2133 emnatur.

446 2162 481 2196 Si
501 2164 576 2208 quis
594 2162 740 2198 hominis
756 2162 937 2197 occidendi
954 2162 1046 2198 causa
1062 2162 1075 2210 ]
1113 2162 1311 2198 Existimare
1328 2163 1411 2197 licet
1428 2163 1598 2199 Cornelium
1614 2165 1727 2211 Syllam
1751 2162 1837 2198 hanc

398 2208 508 2253 legem
530 2209 642 2244 tuliffe
675 2210 746 2257 post
768 2209 969 2245 saeviffimam
995 2212 1118 2245 civium
1151 2210 1452 2257 proscriptionem;
1491 2219 1595 2256 atque
1627 2220 1663 2243 ut
1698 2210 1835 2245 tandem

398 2257 503 2291 finem
522 2257 710 2305 imponeret
727 2256 885 2300 caedibus,
911 2270 984 2305 quae
1003 2269 1075 2292 tum
1097 2257 1207 2305 paffim
1222 2259 1405 2305 impunitae‚
1432 2257 1592 2301 gravitate
1608 2269 1715 2303 poenae
1735 2260 1836 2292 etiam

398 2317 419 2339 a
443 2313 553 2339 conatu
581 2304 732 2340 homines
751 2304 923 2340 deterrere
940 2304 1248 2340 voluiffe.——cic.
1268 2317 1330 2352 pro
1344 2304 1647 2351 Milone—*Etsi
1667 2305 1839 2351 perfizpien—

399 2361 460 2396 ter,
487 2350 524 2388 ἐπ’
548 2353 758 2399 quodammodo
779 2351 877 2389 tacit&
898 2354 954 2389 dat
978 2354 1083 2389 IPSA
1107 2352 1206 2390 LEX
1218 2352 1391 2400 potestatem
1415 2352 1606 2398 defendendi,
1630 2365 1690 2399 quae
1713 2364 1767 2387 non
1783 2353 1838 2385 ho-

1723 2411 1835 2434 minem
