2059 2812
589 142 702 195 Lib.
741 144 806 195 Π.
881 143 976 196 Tit.
1017 144 1106 196 IX.
1476 118 1572 208 ξος

208 251 243 282 6.
263 239 517 283 Adventitium
532 241 600 289 est,
617 241 727 294 quod
740 257 788 282 ex
801 242 877 281 alia
891 241 1014 290 causa,
1028 241 1154 282 veluti
1168 242 1407 282 liberalitate
1421 246 1572 294 matris,

151 304 378 352 aliorumve,
387 302 451 342 vel
461 304 627 356 proprio
638 303 789 352 labore,
799 303 861 343 vel
870 302 1061 356 prospera
1070 302 1233 344 fortuna
1241 304 1326 343 filio
1336 305 1568 358 acquiritur.

207 383 241 412 7.
272 364 550 405 Profectitium
570 366 689 418 pleno
707 366 793 418 jure
813 365 939 403 Patris
956 366 1023 412 est,
1051 365 1226 419 adeoque
1245 367 1328 407 sola
1346 367 1430 407 filio
1453 368 1571 408 relin-

152 428 287 479 quitur
305 427 609 475 administratio,
636 428 704 479 qui
724 438 853 466 tamen
874 440 924 465 eo
941 426 1092 465 fruitur
1112 427 1227 466 bonis
1247 430 1420 480 paternis
1445 430 1574 482 publi-

151 490 259 537 catis,
289 491 351 529 vel
376 489 605 537 confiscatis,
633 500 747 542 atque
766 489 885 528 etiam
904 489 991 540 post
1018 488 1386 540 emancipationem,
1415 491 1440 530 fi
1458 495 1574 531 Pater

149 565 229 590 non
244 552 449 593 ademerit.
481 552 707 593 Adventitii
721 567 767 591 ex
785 553 873 605 jure
887 566 996 592 novo
1013 555 1127 591 Pater
1141 552 1259 593 habet
1275 554 1574 604 usumfructum,

149 614 276 653 Filius
295 628 391 653 vero
412 616 716 668 Proprietatem,
743 613 812 653 nisi
831 616 1062 654 testamento
1083 615 1144 654 vel
1163 615 1250 669 lege
1270 627 1424 656 cautum
1445 616 1504 666 fit,
1532 629 1573 657 ut

151 675 390 717 ususfructus
410 677 459 716 ad
477 678 599 717 filium
619 677 829 730 pertineat.

210 744 243 779 8.
276 739 476 780 Peculium
499 740 671 792 Castrense
700 740 980 792 complectitur
998 742 1147 789 onmia,
1176 756 1261 794 quae
1281 742 1576 783 Filiusfamilias

152 802 350 843 occafione
369 803 522 842 militiae
543 812 700 842 armatae
719 803 950 856 adquifivit3
979 817 1106 855 eoque
1126 804 1315 856 pertinet,
1337 805 1446 857 quod
1463 811 1579 846 Pater

152 864 236 904 filio
266 867 306 905 in
339 865 520 904 militiam
553 865 664 904 eunti
694 865 789 916 dat3
831 865 1040 906 haereditas
1073 881 1094 905 a
1121 867 1397 906 commilitone
1427 867 1580 916 relicta,

152 926 270 965 etiam
290 940 310 964 a
325 926 450 967 fratre
471 927 511 965 in
533 926 671 966 iisdem
690 928 823 967 castris
843 928 1054 976 militante,
1072 928 1261 981 quicquid
1279 942 1405 982 porro
1424 940 1579 982 captum

153 987 201 1026 ab
220 988 408 1037 hostibus,
437 990 500 1029 vel
518 1003 564 1029 ex
583 991 746 1042 pecunia
767 991 942 1031 castrensi
961 1001 1154 1044 emptum.

209 1065 244 1097 9.
276 1050 390 1106 Qast
412 1049 588 1102 Castrenfi
620 1051 767 1101 prioris
797 1051 845 1091 ad
882 1050 1103 1103 exemplum
1135 1052 1356 1100 inventum,
1392 1055 1446 1093 est
1474 1054 1581 1106 quod

154 1110 425 1152 filiusfamilias
457 1126 504 1151 ex
533 1109 730 1150 occafione
763 1111 917 1152 militiae
943 1122 1090 1165 togatae
1116 1113 1305 1167 adquirit.
1357 1117 1454 1170 Qo
1482 1114 1584 1154 refe-

156 1183 298 1210 runtur
316 1172 491 1224 sumptus
511 1185 531 1209 a
550 1175 666 1209 Patre
686 1172 727 1208 in
747 1172 872 1210 studia
889 1174 961 1210 filii
981 1173 1074 1211 facti
1094 1194 1105 1224 5
1146 1174 1334 1225 adquisita
1351 1189 1400 1213 ex
1418 1175 1584 1216 advoca-

156 1234 280 1282 tione,
308 1234 372 1274 vel
390 1234 556 1274 aliarum
575 1233 719 1273 artium
738 1232 961 1274 liberalium
980 1235 1187 1275 exercitio.

217 1313 278 1337 10.
308 1297 510 1336 Peculium
543 1295 718 1348 castrense
745 1302 780 1336 ὃ(
806 1297 905 1349 quasi
923 1296 1101 1349 Castrense
1131 1298 1250 1349 pleno
1275 1301 1359 1353 jure
1386 1302 1441 1340 est
1468 1301 1582 1350 Filii,

157 1361 334 1413 adeoque
361 1362 402 1399 in
422 1376 471 1400 eo
491 1374 566 1414 pro
593 1359 874 1412 patrefamilias
894 1359 1090 1412 habetur3
1129 1360 1178 1400 de
1205 1376 1254 1401 eo
1274 1363 1380 1403 inter
1398 1366 1522 1413 vivos,
1549 1371 1582 1406 ὅ(

156 1424 297 1464 mortis
316 1423 429 1463 causa
447 1424 573 1464 libere
591 1421 781 1475 disponit,
810 1422 932 1462 immo
951 1421 994 1462 id
1014 1429 1048 1465 ὅ(
1067 1421 1116 1462 ad
1138 1423 1311 1464 haeredes
1330 1426 1377 1465 ab
1397 1426 1581 1468 intestato

158 1487 402 1527 transmittit.

206 1596 310 1630 Pleno
328 1595 402 1641 jure
420 1594 463 1628 est
481 1593 580 1640 Filii]
620 1593 775 1628 Florente
804 1594 989 1642 Republica
1016 1593 1184 1642 peculium
1213 1594 1439 1631 Filiifamilias
1471 1597 1581 1632 unius-

160 1642 254 1677 modi
272 1642 349 1676 fuit.
401 1643 495 1675 Nam
515 1650 552 1675 ut
570 1643 686 1675 Servus
705 1643 867 1684 Domino,
895 1644 940 1675 ita
961 1642 1050 1676 filius
1068 1643 1161 1677 Patri
1179 1643 1296 1676 cuneta
1315 1644 1416 1689 pleno
1437 1645 1511 1689 jure
1528 1658 1583 1679 ac-

161 1689 313 1737 quirebat
332 1701 338 1721 2
366 1687 526 1734 idemque
548 1687 645 1733 plane
661 1689 714 1733 jus
732 1693 767 1723 &
789 1691 821 1721 in
841 1701 962 1736 corpus
981 1690 1077 1723 &'in
1096 1689 1182 1722 bona
1201 1688 1384 1724 liberorum
1410 1702 1503 1738 pater
1528 1692 1584 1726 ha-

160 1736 269 1779 bebat,
296 1735 388 1781 quod
414 1736 576 1768 Dominus
609 1736 641 1768 in
671 1733 792 1777 servos,
816 1735 908 1780 cujus
932 1737 979 1768 rei
1009 1737 1098 1769 inter
1128 1734 1212 1768 alios
1243 1736 1333 1770 testis
1363 1737 1513 1785 locuples
1538 1740 1583 1773 est

161 1782 304 1828 Dionys.
327 1780 628 1822 Halicarnafl‘enfis,
655 1781 729 1814 Lib.
753 1782 782 1815 8.
835 1783 973 1824 Romani,
1002 1784 1127 1827 inquit,
1154 1784 1302 1827 proprium
1332 1785 1406 1817 nihil
1431 1786 1584 1829 possident,

162 1831 303 1875 quamdiu
316 1838 417 1873 patres
433 1840 533 1862 eorum
552 1830 582 1861 in
599 1829 663 1861 vita
681 1838 813 1870 manent,
833 1828 888 1873 sed
907 1828 943 1863 ὠ·
958 1832 1082 1872 pecunia
1101 1826 1138 1862 (θ’
1152 1839 1267 1873 corpora
1277 1830 1409 1875 filiorum
1422 1840 1582 1875 parentum

158 1876 307 1922 potestati,
333 1875 510 1919 arbitrioque
532 1874 668 1918 permiffa
688 1874 774 1919 sunt,
800 1876 954 1919 omniaque
968 1876 1134 1919 parentibzu
1152 1878 1312 1920 acquirunt
1328 1877 1408 1923 quafi
1432 1877 1526 1922 servi,
1550 1888 1584 1912 ut

162 1923 308 1966 ὖποχείωι
330 1921 352 1965 »ἐ
377 1921 451 1952 mm
478 1922 524 1954 τᾶν
549 1920 670 1961 mntem.
725 1924 849 1956 Verum
878 1923 1112 1967 Imperatores,
1139 1932 1175 1955 ut
1199 1923 1337 1968 praemio
1362 1925 1480 1970 aliquo
1505 1923 1585 1958 ado-

164 1969 323 2004 lescentes
341 1967 382 2002 ad
409 1967 538 2001 militiae
560 1966 687 2001 labores
714 1968 906 2009 invitarent,
931 1980 1117 2014 eorumque
1135 1967 1195 2001 fibi
1224 1969 1448 2004 conciIIatent
1465 1970 1585 2013 studia,

166 2015 318 2050 castrense
336 2014 504 2062 peculium
528 2012 751 2048 filiisfamilias
770 2018 870 2059 pleno
885 2015 959 2060 jure
977 2014 1218 2058 concesserunt,
1244 2018 1387 2060 primurn
1409 2016 1584 2059 militibus,

166 2063 274 2108 postea
290 2064 393 2096 etiam
412 2063 590 2103 veteranis,
615 2060 670 2094 seu
698 2073 715 2094 a
734 2060 855 2094 militia
872 2061 1019 2096 dimiffis.
1074 2064 1124 2095 Ex
1142 2072 1211 2106 quo
1231 2061 1437 2097 filiifamilias
1455 2065 1489 2098 in
1516 2064 1580 2097 hoc

166 2109 297 2154 peculio
319 2110 371 2156 jus
397 2120 435 2142 ac
465 2109 570 2142 vicem
601 2106 880 2142 patrumfamilias
905 2107 1058 2142 obtinere
1084 2119 1271 2154 coeperunt,
1297 2109 1403 2157 idque
1422 2109 1584 2155 fignificat

166 2158 237 2201 Juv.
254 2155 320 2189 Sat.
334 2160 385 2191 16.
405 2167 434 2189 v.
455 2166 507 2200 52.
538 2155 588 2188 his
603 2152 754 2188 verfibus.

762 2202 844 2235 Nam
860 2213 921 2246 qua
932 2201 1003 2245 sunt
1018 2212 1110 2246 parta
1129 2202 1225 2236 labore

496 2247 540 2280 M
550 2249 566 2281 I
572 2249 626 2282 LI
631 2248 682 2282 TI
688 2250 743 2289 AE,
765 2250 882 2292 placuit
898 2260 953 2282 non
970 2247 1022 2292 effe
1040 2250 1069 2283 in
1087 2258 1201 2294 corpore
1218 2248 1312 2295 cenfits

497 2297 594 2329 Omne
612 2304 691 2329 tenet
708 2297 790 2336 cujus
805 2297 936 2340 regimen
954 2295 1060 2331 Pater.

868 2357 909 2394 O
1372 2368 1430 2394 11.
1460 2355 1585 2411 Qe-
