2059 2812
435 172 534 220 208
830 159 1091 214 Elementa
1121 157 1266 227 Juris
1291 159 1464 215 Civilis

484 274 522 305 6.
552 262 825 317 Negotiorum
844 262 974 315 gestor
993 259 1217 313 obligatum
1240 258 1358 302 habet
1376 260 1496 300 etiam
1511 260 1779 315 ignorantem,
1806 272 1872 300 cu-

427 329 490 383 jus
516 327 679 382 negotia
693 324 819 380 geffit,
848 338 920 365 nec
942 323 1158 378 perimitur
1178 322 1350 363 absentis
1378 324 1591 380 obligatio,
1618 324 1643 365 fi
1669 325 1872 379 postquam

430 390 548 430 initio
566 390 725 429 utiliter
743 389 908 444 gestum,
936 387 1089 426 utilitas
1103 387 1192 427 casu
1205 386 1329 427 fuerit
1349 387 1592 441 intercepta3
1621 387 1732 429 Idem
1749 399 1874 442 nego-

429 452 580 492 tiorum
599 450 747 506 gestori
766 459 930 490 tenetur
949 448 998 488 ad
1014 447 1338 488 Indemnitatem.

483 538 518 568 7.
550 524 610 562 Ex
643 521 721 561 hoc
754 519 859 574 quasi
886 519 1095 560 contradlm
1124 517 1301 558 nascitur
1321 517 1425 558 Afflio
1456 520 1671 574 negotiorum
1695 519 1873 574 gestorum

428 597 515 629 tum
536 585 695 634 Direffa,
725 595 811 624 tum
833 584 1034 624 Contraria.
1093 581 1240 621 Direaea
1258 582 1377 622 datur
1392 583 1575 623 Domino
1595 583 1779 623 adversus
1803 596 1872 621 ne-

426 651 632 705 gotiorum
653 650 862 703 gestorem,
889 646 1020 701 ejusve
1039 645 1214 688 haeredes
1234 647 1285 686 ad
1304 649 1481 687 rationes
1500 646 1734 695 reddendas,
1764 645 1874 685 resti·

427 710 574 750 tuenda
608 710 762 762 reliqua
778 737 789 757 ,
832 709 1067 761 culpamque
1107 722 1183 761 pro
1219 707 1343 748 modo
1373 708 1562 761 gestionis
1601 706 1871 761 praestandam.

428 774 652 814 contrariam
674 772 933 825 negotiorum
951 772 1084 824 gestor
1104 771 1277 811 instituit
1296 771 1479 812 adversus
1497 772 1722 811 Dominum
1743 769 1874 824 ejusve

425 834 601 877 haeredes
620 833 670 874 ad
688 833 1008 873 indemnitatem.
1061 835 1165 888 Qae
1187 832 1295 872 aestio
1318 843 1447 872 tamen
1478 831 1607 872 locum
1638 845 1719 871 non
1739 829 1874 879 habet,

426 897 451 939 fi
480 911 563 938 non
584 899 742 939 utiliter
770 901 917 953 gestum
936 896 1060 950 ;—-s1
1083 910 1160 950 pro
1174 897 1319 948 invito,
1350 894 1413 937 vel
1435 895 1678 948 prohibente
1694 896 1872 950 gestum;

425 961 537 1002 -fi
550 963 640 1016 quis
658 978 706 1003 ex
721 963 872 1017 pietate
893 962 956 1004 vel
975 961 1109 1001 animo
1123 960 1301 1001 donandi
1315 960 1491 1014 gesserit.

485 1034 520 1072 8.
551 1034 725 1073 TVTELA
750 1034 805 1073 est
825 1045 965 1072 munus
982 1030 1186 1084 publicum
1204 1050 1215 1082 ς
1245 1029 1312 1069 sed
1333 1028 1532 1083 obligatio
1552 1029 1660 1069 inter
1672 1030 1873 1070 Tutorem

424 1093 459 1129 ὅ(
479 1091 676 1144 Pupillum
696 1091 797 1144 quafi
825 1107 871 1132 ex
890 1093 1094 1132 commotu
1115 1089 1307 1131 nascitur.
1365 1091 1475 1131 Hinc
1499 1090 1646 1131 Tutela
1669 1089 1746 1130 hoc
1763 1091 1872 1130 sensu

425 1152 480 1191 est
499 1150 614 1208 Qast
636 1153 856 1202 contraZZus,
883 1168 950 1207 quo
981 1151 1095 1191 Tutor
1115 1152 1261 1205 Pupilli,
1289 1165 1478 1205 rerumque
1490 1153 1727 1205 pupillarium
1747 1163 1869 1193 curam

415 1213 659 1266 fitscipiendo,
687 1214 744 1252 illi
772 1214 825 1254 ad
849 1214 1025 1263 rationes,
1053 1212 1286 1267 exaflamque
1315 1213 1545 1267 diligentiam
1560 1234 1573 1261 3
1599 1214 1762 1268 pupillus
1795 1213 1871 1252 Tu-

426 1275 500 1313 tori
529 1275 582 1315 ad
603 1275 880 1315 zndemnitatem
903 1275 1146 1330 praestandam
1176 1274 1371 1329 obligatur.

479 1362 515 1394 9.
547 1350 659 1401 Ergo
679 1361 725 1387 ex
754 1347 831 1388 hoc
861 1361 1019 1402 quoque
1052 1347 1155 1401 quafi
1184 1347 1393 1388 conti-aem
1420 1345 1594 1386 nascitur
1612 1346 1717 1389 Atlio
1736 1346 1874 1389 Tutela

424 1409 559 1451 direffla
579 1417 614 1452 &k
634 1412 1048 1452 contraria—Aetio
1066 1412 1224 1453 Tutelae
1256 1408 1390 1451 direila
1417 1410 1613 1463 competit
1641 1411 1803 1464 Pupillo
1828 1412 1874 1452 fi-

423 1474 507 1513 nita
533 1473 660 1513 tutela
683 1472 866 1513 adversus
891 1475 1089 1514 Tutorem
1123 1472 1253 1527 ejusve
1285 1472 1461 1513 haeredes
1494 1472 1543 1512 ad
1571 1472 1790 1514 reddendas
1810 1488 1872 1515 ra-

424 1537 570 1582 tiones,
601 1535 822 1587 damnaque
850 1534 875 1573 fi
900 1535 1084 1574 adversus
1115 1545 1296 1574 tutorem
1329 1535 1465 1589 agitur
1493 1535 1596 1588 culpa
1615 1536 1702 1586 levi,
1731 1535 1783 1574 fin
1803 1537 1873 1576 ad-

423 1598 557 1639 versus
578 1597 768 1646 haeredes,
788 1598 893 1651 culpa
913 1598 992 1638 lata
1007 1598 1098 1638 data
1117 1597 1458 1638 resarcienda.-—-—
1470 1598 1657 1637 Contraria
1676 1601 1872 1652 competit

423 1660 573 1704 Tutori
594 1661 779 1701 adversus
798 1661 1002 1713 pupillum
1029 1661 1078 1701 ad
1104 1660 1337 1713 repetendas
1364 1660 1568 1713 impensaS,
1597 1662 1874 1714 praestandam·

422 1740 499 1780 que
527 1722 846 1771 indemnitatem,
873 1723 899 1764 fi
927 1723 1133 1778 diligentis
1151 1723 1447 1765 Patrisfamilias
1479 1723 1614 1764 officio
1633 1723 1792 1766 fimcstus
1808 1726 1867 1768 fit.

558 1790 745 1839 Utraque
765 1787 871 1826 aetio
902 1787 1060 1826 Tutelae
1088 1786 1196 1826 utilis
1218 1786 1271 1826 ob
1291 1785 1457 1826 eandem
1477 1788 1675 1828 rationem
1699 1788 1869 1830 minori·

421 1844 492 1885 bus
512 1860 674 1902 quoque
694 1855 729 1892 ὅ(
747 1850 1012 1889 Curatoribus
1031 1850 1136 1889 inter
1155 1849 1195 1890 se
1216 1849 1346 1890 datur.

479 1931 539 1958 10.
573 1924 890 1960 HAEREDITATIS
918 1926 953 1961 ὅ(
980 1934 1131 1961 RERVM
1151 1935 1395 1963 commvmo
1421 1935 1503 1961 non
1530 1921 1620 1961 sunt
1647 1921 1748 1976 quafi
1770 1938 1866 1965 con·

423 1979 586 2028 tractus,
615 1980 682 2020 sed
696 1981 756 2034 jus
773 1981 814 2019 in
834 1993 892 2029 re,
922 1992 1018 2034 puta
1038 1982 1079 2021 in
1099 1982 1348 2031 haereditate,
1375 1983 1439 2024 vel
1458 1997 1501 2023 re
1521 1984 1735 2025 communi.
1795 1989 1865 2029 Ast

423 2040 682 2081 Haereditatis
708 2041 771 2081 vel
798 2053 932 2082 rerum
953 2043 1223 2084 communium
1244 2043 1541 2084 administrator
1560 2043 1663 2096 quafi
1683 2056 1869 2088 contrax-

420 2104 505 2152 iffe,
533 2112 567 2145 ὃ(
598 2104 647 2144 ad
680 2118 764 2145 rem
789 2119 1045 2148 communem
1076 2107 1347 2159 dividendam,
1375 2109 1670 2162 reddendasque
1691 2110 1866 2152 rationes

422 2167 501 2207 sese
521 2167 726 2222 obligasse,
754 2167 943 2220 simulque
967 2170 1218 2211 cohaeredem
1241 2170 1303 2211 vel
1334 2171 1482 2213 socium
1510 2172 1559 2211 ad
1586 2171 1739 2225 quasvis
1765 2188 1865 2226 prae-

423 2228 607 2270 stationes
633 2229 857 2284 personales
885 2230 1135 2272 obstrinxiffe
1156 2232 1328 2274 videtur.

481 2313 497 2336 1
510 2313 543 2340 1.
573 2301 634 2340 Ex
651 2310 821 2354 utroque
841 2298 945 2352 quafi
963 2301 1169 2365 eontradhi
1188 2301 1305 2342 datur
1321 2302 1444 2344 Aetio
1464 2302 1611 2359 duplex
1626 2324 1637 2356 3
1669 2318 1715 2344 ex
1734 2303 1862 2344 altero

975 2366 985 2373 “
1698 2364 1859 2408 Familiae
